2864 4942
662 375 879 446 ...4-

235 567 325 630 etiam
342 567 455 645 norim,
475 567 527 650 qui
549 574 583 629 ut
602 567 737 631 huaacii·
750 567 854 631 verhis
876 575 956 648 utar,
976 568 1135 632 Socratem
1157 568 1264 650 (atque
1280 567 1312 632 id

233 675 353 737 omniuo
375 693 485 739 novum
509 682 539 737 et
560 675 713 755 prioribus
734 674 892 755 indictum)
931 663 1147 738 tam‘sordida
1169 675 1259 737 etiam
1282 681 1314 736 et

146 776 149 782 ’
232 781 337 844 humili
361 779 507 844 nascendi
530 781 701 845 conditione
723 801 809 845 usum
831 801 898 844 esse
919 783 1009 860 dicit,
1036 789 1070 845 ut
1090 801 1127 846 ue
1148 783 1226 845 civis
1245 782 1335 864 qui·

231 887 299 950 dem
319 887 437 950 Atticus
458 887 560 967 tuerit,
583 905 690 950 servus
710 889 828 970 qnippe,
847 907 909 951 non
932 889 1020 952 tiber.
1066 889 1204 951 Eundem
1224 889 1313 953 Duri·

232 995 299 1056 dem
330 995 363 1058 iu
393 995 550 1057 Platonem
574 1011 691 1076 quoque
721 995 873 1057 invectum
908 1014 975 1058 esse
1001 995 1128 1058 Procius
1164 995 1204 1058 ad
1233 997 1313 1059 Ptat.

232 1104 352 1168 Timh
374 1123 403 1183 p·
423 1107 469 1166 '28
500 1104 577 1166 med.
612 1092 701 1165 nohis
729 1109 881 1184 testatur,
911 1105 991 1166 cont.
1011 1101 1140 1166 ttultem.
1168 1124 1200 1185 p.
1223 1109 1313 1167 tre:

231 1205 335 1290 μάτην
356 1199 414 1270 odo
434 1208 636 1290 φληναφοῦσι
660 1205 869 1286 Καλλίμαχος
896 1203 951 1268 καὶ
969 1207 1113 1289 Δοῦρις,
1153 1203 1197 1279 ὥς
1221 1203 1315 1270 Hici-

234 1335 331 1388 τωνος
354 1311 411 1375 οὐκ
432 1304 518 1386 ὄντος
539 1308 645 1376 ἱκανὸν
666 1312 782 1394 κρίνειν
804 1307 940 1393 ποιητάς.
985 1316 1032 1379 Ad
1048 1317 1128 1380 idem
1149 1317 1315 1380 calumnia.

233 1443 299 1486 rnm
329 1442 425 1505 genus
451 1421 581 1504 pertinet
615 1421 696 1504 quod
722 1420 810 1485 nohis
843 1423 970 1485 tradidit
990 1402 1114 1486 Photius
1131 1423 1253 1500 [luridis
1277 1425 1316 1487 dc

235 1532 431 1613 Theopompo
452 1537 483 1592 et
494 1529 617 1611 Ephoro
640 1529 775 1610 iniquum
791 1529 951 1614 iudicium„
984 1531 1115 1612 Scripsit
1135 1532 1215 1594 euim
1223 1533 1316 1596 hunis

233 1640 264 1702 iu
286 1641 383 1720 primo
404 1639 601 1702 historiarum
622 1637 703 1700 lihro
724 1637 815 1700 haece
847 1637 990 1718 Ephorus
1013 1645 1043 1701 et
1063 1638 1276 1721 Theopompus
1297 1659 1317 1704 a

235 1748 446 1830 superioribus
466 1749 561 1828 longo
583 1745 797 1828 relinquuntur
825 1746 1008 1826 interralto;
1042 1747 1218 1811 imitationis
1236 1749 1317 1810 enim

234 1849 556 1938 pratiadestituuntur
577 1860 741 1936 carentque
759 1853 877 1917 dicendi
898 1861 1066 1931 venustate,
1079 1854 1119 1917 de
1139 1852 1314 1934 scribendo

233 1969 355 2028 tuntum
382 1961 531 2026 solliciti.
583 1964 651 2037 Qua
679 1961 803 2025 Ituridis
837 1961 995 2043 iniquitate
1023 1961 1154 2024 offensus
1177 1963 1313 2037 Photius,
1419 2007 1420 2020 ,

229 2072 280 2133 vir
308 2069 374 2132 acri
407 2067 518 2131 iudicio
549 2069 689 2151 omnique
725 2067 865 2136 doctrine
894 2069 1174 2149 praestantissimus
1208 2069 1315 2132 addite

233 2178 291 2240 etsi
327 2178 419 2240 uuus
455 2179 520 2258 ipse
551 2178 583 2240 in
605 2178 711 2240 eadem
738 2175 795 2240 itta
814 2177 1012 2258 dispositione
1041 2179 1136 2256 longo
1157 2184 1226 2258 post
1249 2177 1316 2255 hos,

234 2302 310 2366 quos
333 2286 448 2366 carpit,
470 2283 555 2347 viros
576 2284 742 2349 intervallo
761 2285 965 2366 ‘relinquitur
1008 2286 1085 2350 hiem
1105 2285 1218 2366 igitur,
1240 2301 1319 2365 quae¹

234 2389 322 2454 decet
354 2409 454 2454 rerum
486 2391 688 2473 scriptorem,
718 2389 811 2454 animi
850 2390 1033 2472 aequitatem
1068 2397 1099 2454 et
1132 2391 1316 2455 moderatio-

232 2517 300 2561 nem
329 2498 463 2560 videmns
488 2497 611 2560 horidi.
624 2495 777 2573 defuisse,
805 2513 865 2576 qua
883 2497 979 2559 sotius
1001 2480 1141 2560 veritatis
1160 2496 1315 2559 studiosus
1420 2469 1421 2512 h

234 2607 329 2672 mittit
353 2609 492 2688 privatas
512 2602 704 2679 inimicitias3
736 2601 797 2664 imo
818 2621 855 2664 eo
876 2603 930 2666 itle
950 2606 1124 2687 cupiditatis
1145 2612 1175 2672 et
1193 2605 1317 2668 ardoris

234 2716 393 2798 processit,
416 2719 451 2777 ιιι
471 2713 632 2776 Socratem
656 2711 767 2792 ipsum,
786 2728 875 2792 quem
895 2713 1043 2794 supplicio
1064 2713 1201 2778 affecisse
1221 2717 1317 2774 totum

233 2823 460 2887 Atheniensium
473 2811 617 2902 poputum
636 2819 820 2900 poenitebat,
841 2837 897 2903 per
909 2821 1062 2906 integrum
1079 2821 1233 2885 s'acmdum
1255 2820 1318 2882 ianr

236 2939 387 2996 mortuum
413 2930 503 2992 foede
523 2929 771 2992 calumniaretur.
814 2931 899 3006 Quae
929 2931 1047 3012 quidem
1069 2930 1238 3010 cupiditas,
1258 2943 1318 3009 qua

241 3046 333 3118 extra
352 3037 491 3100 veritatis
524 3035 653 3116 limites,
684 3036 746 3102 imo
767 3038 807 3101 ed
834 3043 953 3118 turpem
981 3035 1203 3115 malignitatem
1227 3033 1318 3096 ituris

238 3145 339 3227 abripi
358 3163 392 3207 se
413 3144 550 3225 patitur,
584 3143 696 3208 iustam
716 3143 804 3208 nohis
825 3142 863 3206 de
885 3143 1067 3205 hde'movet
1089 3141 1319 3217 dubitationem,

237 3253 418 3337 praesertim
440 3271 507 3315 cum
530 3252 596 3314 eins
617 3251 766 3331 mammo,
791 3248 852 3333 qua
866 3251 933 3333 ipse
951 3250 1037 3316 Sami
1058 3259 1206 3329 tyrannus
1231 3248 1321 3327 vixit,

239 3363 353 3429 aetatis
373 3361 533 3426 historiam
554 3361 595 3424 sit
618 3367 805 3443 persecutus.

324 3471 412 3552 Apud
431 3469 558 3533 Suidam
573 3475 645 3534 tom.
659 3470 711 3533 nc
735 3489 764 3550 p.
773 3474 824 3532 ιι.
847 3471 927 3534 conf.
939 3467 1067 3533 ttullem.
1089 3463 1318 3546 fragmhvllt.

240 3579 385 3661 leguntur
417 3579 511 3642 haec:
549 3571 741 3653 Haunianae,
779 3573 1001 3655 Πολυάρχου,
1027 3567 1320 3672 Ἁλικαρνασσεύς,

241 3675 468 3762 τερατοσκόπος
488 3680 543 3742 καί
561 3677 689 3761 ποιητὴς
722 3679 825 3742 ἐπῶν·
855 3673 890 3754 ὃς
918 3677 1108 3758 σβεσθεῖσαν
1125 3675 1181 3758 τὴν
1202 3696 1322 3758 ποιητι-

241 3786 299 3867 κήν
317 3781 501 3867 ἐπανήγαγε.
543 3787 663 3868 Δοῦρις
684 3787 720 3849 δὲ
733 3788 956 3859 Διοκλέους.τε
978 3785 1078 3847 παῖδα
1094 3783 1256 3866 ἀνέγραψε
1270 3781 1325 3845 καὶ

241 3891 380 3972 Σάμιον·
404 3890 525 3974 ιὃμόιίιις
556 3895 591 3956 dd
614 3896 668 3958 καὶ
682 3888 849 3975 Ἡρόδοτος
873 3889 1020 3974 Θούριον.
1061 3893 1225 3973 Polyarchi
1247 3909 1323 3957 vero

244 4007 337 4070 tilium
359 4005 453 4069 fuisse
485 4010 517 4066 ct
548 4005 680 4085 patriam
713 4004 857 4069 hahuisse
888 4001 1321 4080 Halicarnassumd’anyasim

245 4127 393 4176 consensu
409 4111 659 4193 gravissimomm
684 4117 841 4177 auctorum
860 4118 989 4177 constat.
1032 4115 1225 4193 Quapropter
1245 4107 1323 4170 nihil

243 4227 364 4300 restat,
387 4220 446 4283 uisi
470 4226 505 4282 ut
524 4225 577 4282 aut
596 4237 731 4308 errorem
755 4219 911 4286 alturido
937 4221 1126 4286 commissum
1156 4216 1325 4282 amatium
