2864 4942
667 344 890 414 ..6-

235 554 384 618 personas
414 533 584 600 incredibili
610 535 783 600 temeritate
813 540 845 599 ct
864 534 983 602 incuria
1002 539 1213 618 permutasse,
1240 534 1316 598 nibil

230 644 297 708 iam
317 643 400 706 otton
421 649 543 721 resno,
582 661 672 724 quam
694 649 728 706 ot
748 644 912 722 Panyasim
933 663 1002 708 enm
1024 641 1080 726 qui
1098 650 1200 708 aetate
1221 644 1319 708 maior

236 757 313 830 crat,
333 743 559 832 τερατοσκόπου
589 750 683 814 luisse
716 751 930 818 existimentu.
972 750 1030 816 coi
1050 751 1205 833 opinioni,
1236 753 1317 834 quoti

235 859 346 940 obstet,
366 858 443 920 nibil
463 863 525 935 est;
560 858 670 922 dende
691 875 731 923 ex
759 860 861 924 ultera
879 865 968 942 parte
993 858 1078 922 illico
1099 844 1234 924 statuere
1255 881 1316 926 non

233 967 315 1047 licet,
335 965 547 1052 philosophum
567 985 651 1047 eum,
672 967 724 1050 qni
745 967 786 1030 ati
808 966 1039 1050 philosophicae
1060 967 1241 1049 disciplinae
1263 987 1315 1035 rc·

232 1075 344 1138 bonnm
363 1075 527 1140 conscribit
547 1075 587 1137 tle
609 1075 735 1142 somniis
753 1075 874 1155 libros,
906 1081 1034 1158 propter
1069 1095 1136 1140 eam
1157 1076 1257 1158 ipsam
1277 1077 1316 1140 tle

235 1183 360 1247 somniis
380 1184 662 1251 commentationem
682 1179 1008 1266 οεοονεροιοονὸοον,
1029 1184 1138 1268 quippe
1158 1185 1239 1268 quoti
1260 1184 1315 1248 bo-
1368 1178 1373 1185 '

230 1292 344 1356 minum
362 1309 459 1374 genas
478 1311 604 1356 monere
624 1294 755 1376 quolam
773 1311 863 1358 sacro
884 1299 917 1355 et
937 1293 1060 1375 publico
1081 1294 1173 1376 fungi
1193 1294 1315 1358 solitum

230 1399 281 1463 ait.
324 1399 412 1476 Quod
435 1399 476 1464 ou
497 1418 535 1464 ea
556 1399 687 1480 attinet,
721 1419 801 1483 qnae
820 1399 1044 1482 subsequuntur
1074 1400 1155 1482 apul
1175 1399 1314 1479 Suitlam,

230 1505 359 1588 ὅμοίως·
375 1505 412 1568 δὲ
443 1504 499 1570 noi
512 1501 682 1592 Ἡρόδοτος
705 1502 864 1590 Θούριον,
896 1509 930 1574 P.
953 1509 1175 1592 Wesseliugiua
1195 1508 1227 1573 iu
1247 1508 1313 1572 ‹tis-
1342 1529 1345 1534 ·

229 1625 303 1686 sert.
327 1596 440 1685 Herod.
461 1625 536 1701 Μ
563 1617 755 1682 scribentium
774 1617 919 1682 coniecit:
949 1611 1067 1694 ὅμοίως
1096 1615 1131 1677 cli
1149 1611 1204 1678 aui
1219 1610 1314 1694 Ἡρό.

229 1725 319 1788 δοτον
341 1723 495 1810 Θούριον,
515 1729 559 1791 ita
580 1731 614 1790 ut
633 1727 711 1790 itlem
723 1726 816 1790 liaris
836 1726 1021 1790 llerolotnm
1037 1714 1205 1792 'i'burinnm
1218 1725 1313 1810 istisce

229 1837 439 1900 affirmaverit
482 1834 577 1899 Cuius
599 1836 793 1900 coniecturae
815 1834 1017 1917 patrocinium
1031 1834 1161 1911 lleysine
1181 1831 1313 1913 suscepit

226 1943 276 2008 bis
296 1944 420 2026 verbis:
438 1930 440 1934 ⁴
456 1944 606 2025 quomodo
630 1943 663 2006 in
682 1943 730 2006 bis
752 1945 846 2024 plane
865 1944 997 2008 diversis
1019 1961 1094 2004 voce
1122 1937 1239 2017 ὁμοίως
1258 1939 1313 2002 καὶ

226 2050 428 2132 uti‘potocrit
447 2049 585 2114 stiunt
625 2049 666 2112 ut
699 2049 766 2133 quis
788 2068 919 2134 unquam
938 2049 1072 2114 'l'bnrios
1098 2050 1231 2133 patriam
1252 2051 1311 2114 Ρο-

226 2150 318 2238 nyasi
346 2157 476 2224 triboiti
513 2163 622 2224 contra
641 2157 814 2222 llerodotns
842 2159 1020 2241 saepissime
1039 2157 1195 2222 Thurinus
1216 2157 1310 2222 antiit.

225 2269 333 2350 ltaque
351 2283 391 2330 nc
410 2267 524 2347 longus
543 2266 600 2330 eim
619 2267 652 2330 in
681 2285 718 2330 re
735 2268 812 2331 satis
833 2268 975 2350 expedita
1007 2265 1128 2330 dubium
1158 2285 1226 2328 esse
1250 2285 1311 2329 non

225 2377 336 2454 potest,
360 2372 432 2454 quin
451 2371 554 2436 dicem
575 2373 709 2439 voluerit
731 2373 868 2438 Suilase
890 2372 983 2436 llunis
1005 2371 1126 2454 quictem
1146 2373 1310 2459 Panyasim

225 2478 363 2546 Samium
385 2479 483 2560 iacit,
516 2486 551 2543 ut
578 2480 672 2546 simili
693 2483 813 2545 ratione
841 2481 933 2544 ουόοι
962 2482 1135 2549 llcrotlotns
1154 2468 1310 2544 Thurinus

224 2590 334 2652 lemur.
376 2587 670 2672 uegoouumtgitur
689 2597 743 2651 aot
764 2583 880 2663 ὁμοίως
902 2583 938 2646 δὲ
960 2587 1015 2648 καί
1023 2583 1196 2667 Ἡρόδοτον
1220 2582 1309 2646 Θού-

224 2713 294 2778 ριον
314 2715 357 2760 sc.
379 2692 539 2776 ἀνέγραψε
560 2704 615 2764 aut
638 2689 808 2776 Ἡρόδοτος
830 2690 967 2774 Θούριος
993 2697 1159 2773 καλεῖται,
1182 2713 1307 2778 quarum

225 2807 313 2890 prior
334 2807 416 2870 ratio
436 2812 599 2887 praestare
626 2806 756 2870 vitietur.
812 2807 950 2870 lotitmat
971 2804 1084 2870 Sullae
1104 2805 1228 2870 Basilis
1249 2805 1308 2867 ua-

151 2897 156 2908 ’
223 2914 343 2993 nyasim
357 2912 492 2976 Samium
507 2913 634 2979 terentis
654 2915 866 2980 auctoritatem
875 2913 1064 2976 ostendendo
1077 2913 1204 2977 eundem
1216 2912 1308 2978 ctiam

103 3045 105 3052 ⁴
225 3026 265 3087 tie
285 3023 432 3087 Herodoti
451 3011 556 3103 patiie
571 3022 670 3085 minus
691 3030 836 3088 accurate
856 3022 1028 3086 tradidisse.
1070 3021 1153 3083 llaec
1166 3021 1305 3098 lleysius.

222 3131 309 3198 Sane
327 3131 415 3213 prior
432 3130 531 3210 ratio,
552 3149 613 3212 qua
632 3124 792 3209 ἀνέγραψε
810 3135 911 3192 mente
930 3128 1076 3206 additur,
1105 3128 1308 3210 praeferentia

224 3248 292 3319 est,
325 3259 416 3323 quum
438 3241 466 3303 si
490 3241 620 3304 alteram
648 3239 844 3320 amplectaris
865 3238 1037 3315 rabonem,
1059 3238 1160 3300 nullus
1181 3253 1248 3298 cum
1269 3237 1307 3299 iis

223 3367 302 3433 quac
334 3348 521 3431 praecedunt
552 3365 650 3412 nexus
679 3353 837 3429 appareat
880 3348 967 3424 Quoi
999 3328 1101 3410 autem
1121 3363 1161 3408 ex
1191 3337 1307 3419 ὁμοίως

225 3453 375 3518 vocabulo
397 3455 526 3531 lleysius
546 3460 756 3538 argumentum
778 3455 885 3536 petiit,
921 3453 951 3528 iti
987 3455 1103 3516 nullum
1137 3471 1204 3514 esse
1223 3457 1306 3516 recto

227 3564 385 3644 perspexit
402 3563 615 3628 'l'scbirnerna
658 3563 737 3639 Quitl
759 3563 881 3628 tnnlem
902 3561 960 3622 boc
979 3565 1081 3641 potest
1101 3577 1169 3622 esse
1191 3559 1306 3642 simpli·

227 3670 309 3733 cius:
333 3671 423 3734 simili
444 3671 566 3735 ratione
585 3670 859 3734 ctiamllerotlotns
879 3667 1035 3731 sciliceta
1058 3685 1133 3730 voro
1156 3667 1306 3732 &emaus

225 3778 292 3842 sive
312 3797 423 3842 novum
437 3779 553 3862 aliquid
573 3795 757 3860 expromens
769 3776 931 3855 Panyasim
953 3780 1106 3855 nuncupat
1114 3775 1306 3838 'l'lnutinumt

223 3888 311 3965 Quod
332 3905 406 3950 vero
427 3887 556 3964 lleyaius
578 3888 669 3967 dicit,
697 3887 883 3950 llerotlctnm
898 3885 1027 3967 'saepius
1050 3885 1202 3965 appellari
1220 3884 1306 3947 'l'bu-

223 3998 332 4076 cioum,
354 3996 500 4060 eiusmodi
520 4003 577 4076 est,
600 4015 641 4060 cx
663 4013 724 4080 quo
737 4013 881 4077 magnam
901 3994 1033 4077 accipiat
1055 3993 1229 4057 coniectura
1248 3991 1306 4055 illa

223 4104 480 4187 probabilitatem.
524 4105 588 4167 lam
618 4121 693 4166 vero
733 4103 946 4181 difficultates,
982 4117 1059 4185 quau
1087 4096 1306 4166 acensoribns

223 4211 341 4295 (Goett.
364 4217 455 4279 1839.
484 4231 514 4296 p.
536 4211 633 4293 tutu)
664 4212 788 4276 relictas
817 4229 886 4276 csse
906 4211 1109 4276 'l'scbinnerus
1129 4206 1224 4286 dicit,
1258 4205 1305 4271 ita
