2864 4942
547 419 791 486 ..21-

120 606 250 670 conlecti
271 606 338 678 sint
354 606 529 684 doloribus,
559 621 649 688 quan
672 601 797 670 Periclis
820 607 904 670 iussu
925 606 1036 687 capitis
1058 607 1206 687 supplicio

122 717 328 783 afficerentur.
372 715 460 791 Quod
490 733 579 797 quum
601 732 718 778 onlnem
747 719 871 798 superet
890 714 989 790 tidem,
1013 731 1115 776 rcrarn
1137 714 1209 776 Plu-

118 824 220 886 tarcbi
241 825 424 906 scripturam
446 841 513 886 csse
534 829 638 886 censet
657 817 765 902 ἦμρας
779 816 806 882 δ’
828 822 895 886 sive
914 819 1077 902 τέτταρας,
1097 828 1206 904 postca

117 931 151 996 in
180 929 254 990 δέκα
283 933 494 1014 depravatam,
546 929 604 993 Cui
635 931 828 998 coniecturae
856 930 936 995 uriro
964 929 1093 994 arbitrio
1123 930 1209 992 uisne

117 1041 314 1118 (Plutarchus
336 1041 415 1104 enirn
436 1041 502 1123 ipse
526 1057 561 1102 se
589 1038 781 1103 incredibilia
804 1057 843 1102 cx
862 1039 977 1102 Doride
998 1040 1147 1122 'prolerre
1167 1037 1209 1102 sl-

116 1149 257 1231 gnificat)
279 1149 504 1222 llulleruaunus
527 1147 676 1217 calculum
705 1147 812 1210 adiicit
839 1147 964 1229 eiusque
994 1153 1027 1210 ut
1055 1145 1206 1210 debilitati

116 1258 278 1323 subveniat
305 1258 475 1339 exemplum
501 1276 518 1332 a
540 1255 714 1320 coniectura
735 1275 800 1318 non.
818 1255 918 1338 magis
939 1254 1093 1338 probabili
1114 1255 1205 1319 affert

113 1369 291 1448 profectum.
342 1367 449 1450 ltaque
478 1373 510 1428 ct
540 1365 573 1433 io
604 1365 755 1446 principio
790 1363 865 1428 belli
882 1362 998 1443 „Samii
1034 1368 1065 1425 et
1093 1364 1125 1426 in
1145 1363 1206 1424 buo

112 1474 288 1541 enarrando
310 1473 402 1538 noris
423 1469 627 1538 contumelias
651 1472 878 1553 calumniasque
900 1471 931 1534 iu
952 1471 1100 1537 Periclen
1126 1489 1202 1533 cou-

111 1583 191 1645 tulit.
233 1583 324 1645 Nolui
338 1600 378 1644 cx
398 1579 524 1663 iugenio
542 1580 669 1644 Periclis
686 1583 870 1661 argumenta
882 1584 996 1660 petere,
1019 1589 1108 1660 quoin
1122 1579 1203 1640 eius-

109 1689 191 1752 ruodi
212 1693 395 1770 argumenta
410 1707 470 1764 uec
488 1687 521 1749 id
543 1687 663 1770 quidem
691 1686 840 1750 inmerito
861 1686 952 1750 bodie
972 1687 1052 1750 male
1076 1685 1204 1750 audiant

109 1804 235 1878 tamque
254 1796 399 1879 ambigua
419 1795 600 1871 habeantur,
623 1794 733 1876 quibus
754 1813 789 1856 se
806 1813 893 1857 neruo
910 1795 1048 1876 patiatur
1061 1793 1199 1886 solutari.

192 1903 308 1966 Deinde
329 1903 360 1967 iu
381 1901 581 1966 describendo
603 1883 773 1965 Alcibiadis
791 1902 906 1966 exsulis
920 1901 1020 1964 reditu
1033 1901 1201 1982 reproban-

108 2012 156 2074 dit
174 2009 318 2076 Iturideru
341 2018 371 2074 ct
392 2000 459 2074 curn
490 2027 592 2073 rerum
614 2009 787 2072 conditione
810 2013 841 2070 et
870 2027 937 2072 cum
967 2009 1027 2071 tide
1050 2009 1200 2091 gravissi-

108 2136 226 2182 morum
246 2125 402 2182 aucmrunr
423 2120 595 2202 pugnantia
614 2119 795 2183 tradentem.
840 2120 939 2184 Alcib.
959 2121 1091 2182 xxxii.
1120 2111 1142 2176 δ
1165 2115 1199 2178 δὲ

105 2225 227 2306 Δοῦρις
247 2218 262 2286 ὃ
284 2225 414 2304 Σάμιος,
434 2223 635 2304 Ἀλκιβιάδου
660 2221 790 2307 φάσκων
815 2219 964 2306 α’πὸγσνος
985 2219 1075 2312 εἶναι,
1097 2245 1197 2304 προσ·
1246 2233 1248 2240 ’

104 2329 212 2411 τίθησι
232 2329 377 2411 τούτοις,
407 2329 517 2394 αδλεϊν
548 2331 607 2409 μὲν
627 2329 766 2410 εἰρεσίαν
787 2339 853 2404 τοῖς
876 2330 1045 2395 ἐλαύνουσι
1058 2327 1198 2412 ΙΧρυσό-

104 2461 195 2522 γονον
214 2434 491 2522 τόνΠυθιονίκην,
511 2436 648 2503 κελεύειν
668 2437 704 2498 δὲ
723 2436 934 2520 Καλλιαίδην,
958 2435 1015 2500 τὸν
1035 2440 1099 2500 τῶν
1118 2462 1197 2519 τρα-

103 2547 229 2634 γφδιῶν
257 2544 444 2630 ὑποκριτήν,
468 2546 600 2620 στατοῦς
622 2542 678 2608 καί
701 2544 849 2622 ξυστίδας
870 2548 924 2610 καί
942 2547 994 2609 τὸν
1016 2537 1111 2610 ἄλλον
1124 2548 1195 2610 ἐνα-

104 2657 219 2736 γώνιον
230 2648 471 2736 ἆμαεχομίνους
485 2652 615 2735 κόσμον,
637 2649 725 2738 ἱστίῳ
741 2655 767 2714 δ’
785 2653 929 2740 ἁλοδργφ
942 2651 998 2736 τὴν
1013 2657 1193 2737 ναυαρχίδα

104 2764 346 2846 προσφέρεσθαι
366 2769 431 2834 τοῖς
459 2765 600 2839 λιμέσιν,
628 2755 733 2843 δι’σπερ
757 2761 791 2822 ἐκ
812 2761 913 2843 μέθης
934 2762 1194 2844 ἐπικωμάζοντος,

103 2861 176 2932 οὔτε
202 2866 388 2946 Θεόπομπος
409 2863 478 2931 ob'a’
496 2859 630 2952 Ἔφορος
662 2861 736 2932 οὔτε
755 2863 906 2952 Ξενοφῶν
927 2871 1104 2952 γέγραφεν·
1129 2861 1194 2934 οὔτ’

103 2975 188 3052 εἰκὸς
211 2973 250 3060 ἦν
271 2970 373 3052 οὕτως
393 2975 588 3063 ἐντρυφῆσαι
611 2987 677 3052 τοῖς
694 2977 893 3064 Ἀθηναίοις,
915 2973 993 3058 μετὰ
1016 2974 1121 3062 φυγὴν
1141 2977 1197 3041 καί

102 3081 273 3170 συμφορὰς
292 3083 447 3160 τοσαδτας
467 3083 703 3170 κατερχόμενον.

186 3199 272 3272 Quae
297 3196 339 3260 ad
368 3203 536 3261 ceterorum
556 3200 739 3280 scriptorum
761 3201 970 3265 narrationem
993 3201 1031 3261 dc
1053 3199 1189 3276 caryse-

100 3321 183 3386 gono
202 3293 395 3368 modulatore
425 3311 456 3366 ct
487 3303 639 3386 callipide
663 3301 812 3372 histrione
825 3293 926 3370 'Duris
950 3307 1046 3386 addit,
1068 3307 1188 3370 minime

102 3407 460 3480 videntor'llullcnranno
475 3421 652 3491 commenta,
668 3433 735 3477 cunr
749 3422 780 3476 ct
796 3432 897 3478 reruru
917 3412 1082 3476 conditioni
1095 3431 1186 3496 pree-

101 3520 187 3583 clarc
216 3523 400 3586 conveniant
427 3539 528 3603 neque
556 3530 727 3586 ceterorum
750 3523 933 3604 scriptorum
956 3522 1109 3585 silentium
1130 3522 1189 3586 bac

100 3628 133 3689 iu
165 3645 199 3690 rc
225 3630 330 3710 magni
360 3630 402 3692 sit
431 3629 612 3702 laciendum.
656 3629 812 3696 Eiusmodi
833 3649 960 3712 pompa,
982 3629 1035 3705 ait,
1053 3631 1086 3694 iu
1107 3649 1188 3694 conr-

99 3735 332 3800 rnessabuuduur
351 3737 462 3819 potius,
484 3755 575 3818 quarn
596 3737 627 3799 in
649 3737 784 3800 exsulem
803 3737 903 3815 cadat,
925 3743 995 3816 post
1014 3744 1061 3800 tot
1077 3737 1187 3802 discri-

97 3845 182 3908 mina
196 3862 296 3908 rerum
318 3847 441 3910 taudem
464 3845 496 3908 in
514 3847 647 3928 patriam
669 3846 825 3909 reducem:
848 3843 897 3908 bic
913 3845 1090 3908 attendendi
1102 3845 1187 3908 Alci-

96 3950 200 4015 bladis
220 3970 339 4031 mores,
361 3931 578 4018 attendendurn
598 3955 631 4016 in
651 3953 758 4034 primis
787 3971 846 4034 quo
871 3960 932 4015 turn
954 3953 1096 4018 utebatur
1114 3971 1186 4016 oon-

47 4063 49 4068 '
97 4061 208 4126 silium.
244 4061 322 4137 Quid
344 4063 443 4129 eninr
465 4083 522 4144 pro
541 4083 589 4128 rue
606 4062 789 4143 respondeat
805 4062 872 4143 ipsc
887 4062 1087 4126 Plutarchus:
1109 4055 1189 4122 ἰδεῖν

96 4187 130 4227 τε
153 4165 262 4228 ποθῶν
290 4156 351 4250 ἤδη
371 4165 411 4231 τὰ
436 4165 512 4237 οἴκοι
537 4171 591 4232 καί
613 4163 658 4231 ἔτι
679 4167 798 4245 μᾶλλον
830 4159 971 4251 ὀφθῆναι
1000 4163 1188 4246 βουλόμενος

98 4277 165 4346 τοῖς
188 4276 347 4360 πολίταις,
371 4271 536 4361 νενικηκώς
557 4272 628 4352 τούς
650 4277 817 4358 πολεμίους
839 4278 1024 4348 τοσαυτάκις
1047 4273 1183 4359 α’νὴχθη.
