2864 4942
536 317 778 384 -132-

114 527 184 591 gem
202 525 299 590 regno
320 510 502 589 expulsout
524 510 572 572 lta
595 507 702 574 Cicero
719 509 772 573 lih.
785 509 821 572 V.
841 509 879 576 de
898 508 980 574 linih·
1002 526 1068 572 curn
1089 507 1202 575 iniuria

116 617 192 678 dicit
214 635 233 676 e
253 615 355 696 patria
376 618 603 697 pulsumcsse:
633 617 802 701 princeps„
817 617 932 698 inquit,
954 616 1048 680 huius
1069 615 1202 678 civitatis

118 724 287 787 Phalereus
308 725 478 786 Demetrius
501 743 567 788 cum
590 727 692 806 patria
714 727 820 806 pulsus
840 732 921 786 essct
935 724 1057 797 iniuria,
1076 724 1116 788 ad
1129 724 1201 786 Pto«

116 833 264 895 lemanum
284 851 318 892 sc
345 849 450 913 regem
478 834 614 896 contulit
655 835 700 896 De
721 833 849 910 ceteris,
880 850 955 914 quas
975 832 1068 893 Duris
1089 831 1120 893 in
1141 830 1202 892 lle-

116 938 255 1002 metrium
278 941 414 1016 confert,
437 941 613 1021 ignominiis
640 941 715 1004 nihil
737 941 854 1018 dicam,
877 958 966 1022 quum
987 940 1026 1001 de
1050 937 1114 1002 vita
1137 937 1202 1000 cirus

114 1047 281 1110 lihidiuosa
301 1064 398 1128 neque
423 1049 498 1123 alii,
530 1056 613 1110 certe
641 1067 702 1110 nou
735 1047 874 1124 omnino,
891 1049 1034 1110 'mecaut
1087 1044 1202 1108 Scribit

114 1155 193 1218 euim
214 1155 368 1236 Diogenes
390 1156 425 1219 V·
449 1148 814 1238 sescentesimum
836 1154 872 1236 τῇ
895 1151 1059 1236 ἐρωμένῃ,
1090 1171 1198 1234 quatn-
1258 1222 1262 1224 ,

114 1281 206 1346 quarn
226 1263 262 1341 is,
283 1264 322 1325 de
341 1283 402 1346 quo
424 1263 535 1345 agitur,
557 1264 728 1326 Demetrius
748 1281 816 1326 cum
835 1263 1017 1342 Poliorceta,
1041 1279 1127 1343 quem
1149 1279 1202 1322 rc-

114 1372 271 1436 hemeuter
290 1353 414 1435 hanniae
441 1374 539 1435 amori
561 1372 725 1435 indulsisse
745 1370 926 1433 Plutarchus
947 1376 1088 1445 testatur,
1110 1368 1203 1432 facile

115 1486 239 1562 poterat
268 1481 421 1545 conlundi.
466 1481 606 1544 Animum
627 1487 719 1542 certe
746 1478 893 1541 Demetrii
913 1477 1055 1540 Phalerei
1084 1476 1201 1540 ahho-

114 1589 196 1650 uesti
214 1589 374 1670 puleriqne
392 1606 484 1651 sensu
507 1588 627 1650 minime
648 1587 904 1650 abhorruisseex
924 1575 1103 1661 sententiis,
1124 1602 1202 1666 quas

113 1695 154 1758 ah
169 1695 224 1758 illo
237 1693 634 1776 prolatasscrvavitnohis
643 1694 805 1775 Diogenes,
826 1692 1026 1775 intelligitur:
1039 1709 1116 1754 'nam
1133 1709 1201 1756 cum

112 1802 244 1865 uidisset
264 1801 429 1882 aliquando
450 1800 587 1863 invenem
608 1800 807 1879 luxuriosum,
831 1818 909 1878 ecce,
930 1799 1037 1880 inquit,
1056 1799 1200 1862 Mercurii

113 1910 267 1992 quadrata
287 1913 408 1987 statua,
429 1907 545 1971 hahens
565 1925 686 1986 smine,
708 1903 861 1986 uentrem,
882 1907 1042 1988 pudenda,
1064 1907 1214 1973 harham.v

114 2019 251 2078 luvenes'
265 2016 386 2078 dicebat
408 2023 551 2096 oportere
570 2015 651 2078 domi
671 2015 791 2097 quidem
812 2022 968 2096 parentes,
989 2015 1022 2076 in
1038 2013 1203 2078 itinerihus

55 2147 57 2154 ·
114 2121 355 2201 antem-ahman,
379 2121 410 2184 in
433 2121 597 2184 solitudine
617 2140 651 2184 se
670 2109 753 2201 ipsos
766 2121 921 2201 ,revereri
944 2120 1032 2184 Conl.
1042 2121 1202 2203 hermippo

114 2231 229 2311 fragne
251 2229 298 2291 ed.
317 2228 475 2306 henynshi
495 2249 525 2309 p.
539 2235 602 2308 9⁰·l
626 2229 678 2295 uhi
701 2247 813 2306 ornnes,
830 2230 884 2310 qui
904 2229 942 2290 de
954 2230 1201 2292 Demetrio·th

112 2338 200 2400 leuco
234 2343 458 2417 exposuerunt,
497 2337 672 2398 laudantur.
734 2337 834 2400 lloleo
871 2341 972 2398 nutem
1000 2354 1198 2417 magnopere,

111 2444 193 2529 quod
215 2442 288 2506 mihi
307 2442 404 2524 copia
426 2443 500 2506 data
527 2461 589 2506 non
612 2447 681 2506 erat
702 2443 963 2507 commentationis
984 2443 1200 2523 inspiciendae,

112 2563 204 2634 quam
226 2550 265 2612 de
276 2548 431 2612 hemmrio
446 2547 597 2610 Phalereo
610 2547 702 2613 audio
718 2547 877 2628 scripsisse
886 2532 1064 2613 liohrnium.

182 2635 288 2716 senon
305 2653 407 2734 apuu.
424 2653 646 2717 nnuman:
668 2649 788 2729 noma
810 2649 844 2712 ev
867 2653 996 2738 nanum
1016 2650 1203 2740 „anonam

109 2761 175 2824 vno
197 2756 438 2820 Μακεδονικῶν·
448 2755 590 2838 Ἀρκάδα
612 2757 718 2838 φησίν,
739 2754 798 2838 ἀφ’
820 2746 900 2840 οὗῆ
923 2759 1081 2838 Ἀρκαδία
1098 2766 1202 2825 nomn-

112 2887 178 2944 ται,
197 2865 387 2946 Ὀρχομένου
401 2858 480 2926 nido·
491 2923 493 2930 ,
503 2861 551 2924 dod
567 2859 622 2924 aul
637 2859 727 2923 πόλιν
743 2863 799 2942 τῆς
815 2857 988 2952 Ἀρκᾲδιάς
1002 2865 1200 2949 Ὀρχομενόν.

112 2975 295 3040 orchomeni
324 2992 398 3038 uero
429 2975 524 3038 hlium
549 2993 610 3037 nou
638 2973 732 3036 luisse
760 2973 911 3038 Arcadem
932 2978 986 3042 scd
1009 2996 1049 3042 cx
1070 2979 1201 3044 Callisto

111 3083 178 3146 lilia
198 3082 352 3160 Lycaonis
371 3083 523 3148 Arcadiae
536 3083 629 3164 regis
651 3080 769 3163 scipso
788 3084 1199 3160 lovetuatuuncnnsentiunt

115 3189 213 3254 ceteri
231 3188 407 3270 scriptores,
430 3205 506 3271 quos
520 3187 672 3268 repereris
693 3187 836 3252 laudatos
855 3189 941 3270 apud
957 3192 1199 3259 ilullemaninum

199 3291 304 3358 schol.
321 3294 401 3357 Plnt.
412 3293 502 3375 ilipp.
519 3293 628 3356 lllaior.
642 3312 670 3373 p·
685 3293 808 3358 netad.
830 3296 910 3358 conf.
930 3297 1059 3361 llullem.
1086 3300 1199 3379 fragm.

113 3403 273 3466 hxxlv.:
294 3397 412 3478 Δοῦρις
437 3395 472 3456 δὲ
494 3417 601 3478 φησιν,
623 3389 672 3460 ὅτι
692 3395 774 3478 odra}
796 3394 1060 3481 chamaecisson
1081 3397 1202 3482 πατρὸς

114 3507 317 3587 κατέσβεσεν·
348 3504 405 3571 καί
433 3505 466 3580 ἐξ
485 3503 602 3568 ἐκείνου
629 3500 714 3584 nupti
737 3499 906 3582 Munsdo'on
934 3502 1116 3586 neronianae
1144 3505 1202 3584 reio

114 3615 293 3694 θυγατέρας
316 3612 378 3675 τῶν
404 3611 639 3695 κηδευομὲνων,
672 3601 718 3684 οἷς
748 3605 788 3674 ἂν
817 3604 878 3676 αἷσι
904 3614 1026 3690 παῖδες,
1054 3614 1089 3678 nd
1124 3613 1202 3684 unisti

114 3713 266 3801 πράττειν
286 3715 339 3784 iul
361 3721 426 3794 τοῖς
446 3717 612 3802 nerpoicum
652 3723 738 3798 Quae
758 3721 797 3784 de
819 3722 976 3788 Macerino
996 3725 1134 3791 facinore
1154 3728 1204 3790 ia-

114 3830 190 3894 nata
213 3847 311 3910 quum,
333 3847 513 3913 quamquam
532 3829 693 3893 admodum
715 3831 834 3911 poetico
858 3832 926 3896 usui
942 3832 1079 3912 ¹corridet,
1102 3841 1204 3897 tamen

115 3954 179 4003 non
201 3938 242 4000 sit
262 3937 458 4020 aSophocle,
477 3937 631 4019 liuripide,
654 3938 775 4021 Seneca
792 3939 960 4009 inlahulis
981 3942 1021 4006 ad
1043 3941 1204 4006 Herculem

115 4044 324 4126 spectantibus
346 4053 480 4128 recepta,
499 4046 848 4128 nequehppollodorus,
869 4047 919 4130 qui
941 4050 1202 4118 uberrimamun-
1275 4133 1277 4140 Ι

115 4153 165 4220 his
194 4154 318 4226 exhihet
347 4154 486 4220 Herculis
517 4153 600 4220 vitae
630 4154 878 4238 descriptionem,
905 4175 1002 4241 neque
1029 4156 1087 4228 alii,
1108 4157 1202 4224 ntum
