2864 4942
532 333 773 398 ...31-

110 527 175 604 das,
198 525 243 587 ita
263 531 298 586 ut
317 541 385 588 erum
407 539 450 586 ex
469 520 630 588 Athenaeo
650 521 871 586 reomaense.
894 539 954 584 nou
976 521 1125 584 marito
1146 541 1198 584 eu.

110 631 373 714 spicatussuauis:
398 631 481 696 conf·
504 629 596 695 etiem
607 629 723 692 duduc.
742 631 912 708 pfflitssss.
940 627 1098 690 launna
1111 647 1196 707 vero,

111 761 185 808 num
204 741 299 806 allum
321 738 447 809 Iluriffis
464 736 815 818 imperdamalttiuuerit
833 736 1030 799 afflue-ss
1052 735 1127 798 dieta
1149 735 1201 798 tia

17 839 18 852 ¹
113 846 234 913 verbis:
268 849 342 912 uam
360 844 434 908 milri
453 845 571 926 quidem
593 842 717 908 stenem
745 843 928 924 graviorum
944 844 984 904 de'
1003 844 1119 905 lJuride
1138 859 1201 905 an·

111 963 229 1019 morum
250 954 330 1020 hanc
350 929 447 1034 ipsam
470 968 538 1018 ren
555 949 621 1016 fieri
647 951 723 1016 sutis
736 957 918 1032 suspectam·
944 952 1024 1014 liaud
1053 951 1196 1013 reticebo

17 1053 18 1080 ³
111 1065 209 1148 Quam
230 1061 391 1126 namuro
414 1059 729 1141 argumentationem,
759 1077 822 1140 que
838 1066 955 1140 spectet
971 1077 1122 1141 quamque
1142 1057 1199 1120 lra-

111 1171 184 1236 teat
202 1169 286 1248 vim,
308 1168 528 1235 llullennnnus
550 1167 743 1251 perspexisse
770 1185 830 1232 nou
853 1155 993 1242 ridemr3
1027 1167 1137 1228 etenim
1160 1166 1199 1227 de

112 1278 208 1344 Sama
230 1277 371 1359 quidam,
399 1293 477 1358 qliae
504 1291 561 1356 per
588 1275 664 1340 iilud
686 1279 805 1356 tempus
831 1275 896 1338 eius
924 1267 1018 1337 nunu
1046 1273 1197 1350 conditio;

111 1391 217 1454 tacent
237 1401 339 1448 rerum
361 1371 536 1466 scriptores,
549 1383 613 1448 sed
636 1382 850 1446 nonianus
862 1383 988 1462 Duridet
1031 1385 1120 1458 Quae
1137 1381 1199 1444 dif-

111 1495 239 1562 lieultas
259 1494 305 1559 ita
325 1493 476 1560 remoueri
505 1492 576 1556 milri
602 1493 748 1570 ridetur‚'
771 1498 804 1554 ut
826 1509 951 1570 omues,
982 1491 1033 1573 qui
1054 1489 1203 1554 lluuidem-

110 1607 319 1668 memornrunt
339 1601 506 1681 scriptores
525 1601 556 1664 id
571 1605 709 1682 agentes,
731 1604 765 1660 ut
785 1611 851 1661 euni
871 1599 904 1661 in
925 1615 962 1664 ra
980 1598 1085 1690 aliqua
1103 1611 1199 1662 enar·-

110 1710 214 1776 nanda
233 1714 341 1772 testem
370 1708 551 1775 adhiberent
585 1699 665 1770 omni
697 1707 868 1784 tyrannidis
890 1707 1032 1769 memoria
1065 1707 1201 1786 putruisse

115 1815 321 1898 supersedere
338 1815 483 1880 dieamus.
526 1816 613 1892 Quod
632 1815 673 1876 ad
692 1825 809 1895 tempas
830 1814 960 1892 attinet,
994 1833 1053 1896 quo
1074 1814 1211 1896 lluridis

111 1923 255 2001 tmauais
274 1923 455 2002 obtinuerit,
487 1923 569 1990 circa
590 1941 713 2004 pugnae
734 1922 780 1984 ad'
797 1921 986 1986 suarium
1002 1963 1018 2000 ,-
1033 1921 1129 2003 Cypri
1148 1939 1200 1986 ur-

110 2033 180 2094 bem
200 2031 379 2100 conmissae
401 2038 519 2112 tompus
552 2049 620 2094 eam
642 2031 813 2111 ponendam
841 2049 911 2092 esse
928 2031 1072 2092 munna
1092 2035 1204 2112 putat-p

112 2139 163 2202 cui
182 2139 318 2220 opinioni
338 2140 476 2222 equidem
495 2139 678 2221 adstipulari
707 2159 769 2202 nou
789 2145 911 2219 possum
935 2146 1098 2220 propterca
1119 2140 1205 2221 quod

109 2249 243 2325 litterae,
265 2249 305 2313 ad
327 2256 461 2312 veterem
482 2249 563 2312 inter
583 2249 703 2314 Samios
724 2257 755 2311 et
769 2249 948 2310 Prienenses
971 2247 1056 2310 litem
1078 2267 1200 2329 compa

111 2357 242 2422 neudum
262 2375 283 2418 a
303 2355 486 2431 Lysimacho
505 2357 655 2438 scriptae,
677 2376 741 2420 uum
759 2359 804 2419 ad:
819 2364 990 2434 tyranuum·
1002 2355 1056 2417 sed
1079 2357 1121 2418 ad·
1141 2355 1206 2418 Sa·

110 2465 217 2531 uatum
237 2465 440 2544 populumque
456 2464 591 2548 Samium
614 2465 707 2528 datae
731 2471 807 2527 sunt
822 2481 919 2546 neque
940 2461 976 2526 im
1001 2463 1065 2526 illia
1085 2463 1198 2527 litteris

110 2574 177 2636 alla
205 2573 241 2636 fit
270 2573 441 2649 tyrannidis
468 2575 563 2638 ullius
594 2575 725 2650 meuti03
756 2575 841 2636 oont-
868 2572 1028 2635 ctondtnr
1052 2573 1209 2636 Marmore

72 2708 75 2719 ·
113 2680 214 2742 Oxou.
236 2678 273 2742 ll.
294 2681 346 2746 25.
368 2685 398 2740 et
420 2677 560 2758 luserint
584 2677 699 2758 antiqq.
720 2679 791 2759 pl
811 2695 846 2759 pt·
855 2678 905 2739 15.
947 2675 1056 2758 ltaque
1074 2677 1208 2742 lltrridis‘

111 2784 272 2866 imperium
292 2789 347 2848 aut
366 2801 502 2864 pugnam
520 2784 675 2863 ipsensem
696 2784 746 2846 val
770 2784 800 2846 id
821 2785 949 2866 polim,
984 2801 1043 2865 quo
1074 2783 1200 2848 litterae

56 2885 62 2896 ’
113 2894 248 2974 scriptae
270 2899 362 2971 suut,
383 2877 585 2974 tempranen
605 2894 776 2973 praecessit·
807 2893 971 2975 autfquad
1002 2894 1069 2956 veri
1100 2893 1201 2958 simile

28 3071 31 3080 ‚
113 3021 175 3071 nou
193 3007 264 3078 est,
285 3007 357 3064 tuuc
377 3000 439 3064 iam
459 3017 557 3082 reguo
579 3001 675 3064 Duris
694 3008 761 3063 erat
782 3001 905 3064 eiectus.
929 3042 933 3048 -

196 3105 243 3173 lle
266 3103 357 3168 rebus
378 3103 575 3172 Graecorum?
596 3123 673 3188 epus
700 3107 873 3169 confidisse
899 3107 1047 3170 munden
1065 3107 1203 3170 eruum

114 3213 190 3282 duro
224 3212 328 3279 Siculo
352 3213 419 3276 XV.
442 3212 653 3290 dorstadum
679 3211 706 3272 δ’
728 3207 743 3274 ὅ
764 3211 882 3288 Σάμιος
914 3205 937 3271 ὃ1
959 3207 1201 3294 ἱστοριογράφος

114 3318 169 3400 τῆς
191 3321 253 3380 τῶν
270 3316 460 3398 Ἑλληνικῶν
490 3312 632 3400 ἱστορίας
660 3319 807 3382 amadan
828 3307 1072 3400 redamatio
1094 3313 1200 3399 ἀρχὴν

114 3429 196 3505 (ne.
217 3429 256 3491 ab
279 3425 363 3489 obitu
376 3425 536 3508 Amyntae,
558 3429 766 3510 Agesipolidis
791 3428 965 3507 etlasouis)
985 3428 1106 3491 videtur
1130 3430 1198 3493 exi-
1283 3433 1293 3454 '

114 3537 315 3613 stimaudum;
337 3535 465 3622 eundem
487 3535 649 3599 historiam·
668 3537 867 3600 Macedoniae
894 3534 998 3597 multis
1018 3535 1107 3598 libris
1128 3555 1200 3618 per-

115 3651 250 3708 secutum
271 3663 357 3724 esse,
378 3644 499 3726 saepius
521 3643 638 3726 antiqui
659 3645 823 3726 scriptores
844 3649 1004 3706 testantur.
1047 3644 1130 3707 llaec
1144 3663 1200 3709 au-

115 3760 175 3816 tem
204 3745 321 3834 scripta
351 3771 441 3816 uuum
476 3769 552 3832 opus
573 3753 741 3816 coniecisse
761 3753 887 3815 Vossius
918 3757 949 3812 et
979 3753 1200 3816 efficacioribus

115 3859 228 3922 additis
251 3861 438 3940 argumentis
459 3857 757 3922 docuitSelrmidtius
778 3857 832 3941 (de
853 3861 982 3924 soutibb.
1005 3867 1066 3923 vet.
1082 3866 1198 3926 auctor.

115 3969 147 4030 iu
172 3966 335 4031 enarraud.
359 3967 487 4050 expedd.
510 3967 671 4030 Gallorum
694 3986 723 4047 p.
745 3966 821 4044 1⁷),
857 3969 910 4050 qui
929 3969 1129 4033 llullemauuo
1149 3987 1200 4031 as-

115 4073 272 4153 sentiente,
292 4067 452 4156 Ἑλληνικά
472 4079 504 4136 et
525 4066 737 4154 Mauqdortea'
757 4075 834 4137 duos
848 4077 988 4140 diversos
1009 4077 1096 4139 unius
1119 4077 1198 4140 eius-

116 4183 241 4266 demque
263 4182 364 4264 operis
398 4183 503 4247 titulos
530 4195 596 4244 essa
619 4180 781 4246 existimat.
832 4185 895 4249 Sed
927 4204 996 4248 uum
1018 4201 1092 4247 vere
1112 4204 1197 4268 opus,
