2864 4942
225 586 374 651 quumque
396 569 452 633 illa
471 571 609 634 namatio
630 571 670 633 sit
692 572 857 647 eiusmodi,
895 591 974 654 quae
991 592 1056 636 non
1080 575 1172 638 facile
1194 577 1307 640 conlin-

224 684 334 755 gatur,
366 695 501 758 quaeque
526 678 686 758 praeclare
706 678 872 743 Alcibiadis
905 679 1029 760 ingenio
1050 681 1231 759 conveniat,
1267 685 1306 747 de

225 783 356 846 veritate
379 784 443 846 eius
465 783 604 848 dubitare
624 805 685 848 nou
706 787 787 850 licet.
830 788 870 852 At
890 787 1040 851 Athenaei
1064 789 1159 852 verba
1180 789 1224 854 ita
1241 794 1305 854 lor-

224 896 307 952 tasse
326 891 478 971 acceperit
498 892 626 974 aliquis,
649 900 682 956 ut
701 901 883 958 attrectasse
904 893 1008 973 certe,
1027 895 1099 957 licet
1118 915 1190 959 mox
1214 917 1304 980 repu-

223 998 326 1076 diarit,
349 999 536 1062 Alcibiadem
557 1001 639 1063 dicat
658 1001 760 1080 tibias,
782 1002 826 1064 ita
849 1007 883 1064 ut
902 1021 968 1063 eum
987 1002 1129 1064 didicisse
1150 1005 1232 1066 tibiis
1252 1026 1304 1086 cof

224 1124 299 1168 nere
321 1106 561 1187 quoddammodo
584 1109 679 1189 possit
702 1110 860 1190 explicari.
894 1110 1076 1190 Perperamp
1098 1111 1223 1174 sienim
1245 1114 1302 1176 illo

221 1214 312 1280 modo
338 1215 432 1277 lluris
461 1216 609 1278 voluisset
640 1215 743 1279 verbc'
770 1235 826 1278 sura
862 1217 1027 1297 explicari,
1063 1235 1152 1300 quum
1185 1240 1241 1302 per
1268 1241 1303 1284 se

222 1326 360 1402 spectata
381 1321 568 1388 Alcibiadem
588 1324 758 1388 indicarent
778 1325 860 1388 tibiis
881 1327 1008 1388 multam
1028 1327 1210 1408 impendisse
1230 1330 1302 1392 dili·

220 1432 365 1513 gentiam,
389 1435 497 1514 plura,
517 1437 552 1494 ut
573 1449 677 1495 veram
701 1434 786 1494 suam
809 1433 991 1496 seutentiam
1011 1439 1178 1516 argueret,
1212 1441 1302 1496 erant

221 1537 370 1602 addenda.
414 1541 510 1616 onon
535 1556 609 1601 vero
634 1539 831 1616 Athenaeus,
853 1555 1032 1622 quamquam
1055 1546 1156 1638 totam
1178 1541 1303 1605 [luridis

221 1646 391 1710 orationem
411 1647 525 1727 legisse
546 1646 697 1728 putandus
719 1652 775 1725 est,
796 1654 897 1710 tamen
918 1647 951 1710 iu
972 1666 1086 1729 agens,
1105 1653 1141 1710 ut
1159 1648 1304 1713 libiarum

219 1759 346 1816 centum
361 1755 440 1834 apud
462 1754 600 1818 Graecos
628 1753 661 1817 in
681 1754 799 1817 deliciis
830 1754 927 1817 luisse
947 1755 1095 1836 exemplis
1116 1757 1301 1836 comprobet,

219 1859 386 1925 Alcibiadis
410 1861 517 1926 alferat
538 1860 726 1940 exemplum,
765 1861 811 1923 ita
826 1863 964 1941 prolecto
985 1860 1108 1922 lluridis
1130 1861 1226 1923 verba
1245 1879 1298 1923 ac-

220 1969 361 2048 cipienda
381 1976 460 2044 sunt,
480 1977 514 2030 ut
527 1969 715 2031 Alcibiadem
734 1967 932 2031 celeberrimo
952 1987 1041 2030 usum·
1061 1969 1136 2030 duce
1156 1968 1299 2032 tibiarum

218 2078 320 2139 cantui
351 2077 501 2158 insignem
533 2094 665 2139 normae
699 2096 823 2158 operam
857 2075 1072 2157 intelligamus.
1116 2076 1163 2137 lle
1186 2076 1301 2139 [lurida

217 2185 292 2260 ian,
313 2185 367 2266 qui
391 2201 480 2266 quum
501 2204 586 2248 suam
606 2203 641 2248 se
660 2185 810 2267 originem
833 2204 873 2248 ex
895 2183 1054 2248 Alcibiade
1075 2184 1210 2246 traxisse
1229 2183 1299 2263 glo-¹

216 2298 322 2373 rietur,
342 2297 535 2379 praecipuam
556 2297 588 2360 ir
603 2296 695 2361 rebus
714 2297 778 2360 eius
797 2294 996 2376 explorandis
1015 2310 1141 2373 operam
1160 2307 1299 2353 consum-

216 2406 294 2470 sisse
318 2407 468 2487 putandus
490 2412 545 2484 est,
569 2405 641 2488 quid
663 2403 949 2468 eritstatuendumi
968 2401 1052 2465 Nibil
1065 2399 1182 2462 scilicet
1202 2397 1296 2478 aliud,

215 2514 275 2577 nisi
298 2532 364 2577 eum
387 2521 439 2578 aut
466 2532 577 2576 novum
606 2512 722 2593 aliquid
746 2511 856 2575 allerrc
877 2509 1011 2572 voluisse
1033 2514 1086 2572 aut
1105 2505 1241 2570 uoluisse
1260 2503 1299 2584 ci,
1430 2579 1431 2590 χ

211 2625 268 2708 qni
290 2623 370 2686 omui
391 2625 458 2684 lere
478 2622 581 2685 laudis
613 2636 728 2702 genere
755 2623 837 2680 esset
857 2617 1046 2694 cumulatus,
1067 2613 1150 2678 tibiis
1170 2611 1300 2676 canendi
1430 2675 1431 2684 ,

215 2731 337 2796 laudem
358 2729 487 2792 detrahi.
532 2731 617 2804 Quae
641 2745 693 2788 res
715 2741 896 2810 quamquam
924 2741 980 2804 per
1001 2740 1035 2784 se
1056 2721 1212 2785 levissima
1234 2739 1297 2786 ιιοιι
1430 2741 1431 2758 ι

217 2841 326 2905 iccirco
348 2840 494 2902 minorem
516 2836 577 2898 vim
605 2834 699 2903 babet
727 2831 767 2896 ad
792 2831 915 2896 [luridis
945 2829 1034 2892 fidem
1057 2827 1299 2892 examinandam.

218 2949 288 3011 Alio
314 2950 404 3010 ctiam
426 2933 580 3028 exemplo,
602 2949 781 3008 exornatum
802 2958 869 3002 csse
890 2959 910 3002 a
930 2939 1043 3003 Duride
1064 2954 1234 3017 proavum,
1253 2933 1300 2997 in·

217 3057 268 3118 ira
288 3055 492 3136 probabimus.
610 3095 613 3104 .
890 3106 894 3114 ,
1013 3083 1016 3088 -

302 3161 416 3225 Sullas
438 3160 555 3223 Tomi.
578 3177 607 3238 p.
620 3158 683 3219 908
704 3147 927 3213 cont-llullem.
949 3148 1061 3228 fragm.
1074 3147 1131 3209 XL
1150 3147 1228 3211 baec
1246 3146 1301 3210 ba·
1429 3199 1430 3248 1

218 3263 291 3336 bet:
328 3263 530 3346 Εὐρύβατος,
553 3251 703 3348 πονηρός·
737 3249 798 3318 cinci
820 3254 879 3315 τοῦ
898 3255 1095 3335 πεμφθέντος
1116 3248 1177 3314 ὑπὸ
1204 3250 1302 3332 Κροί.

219 3397 277 3450 σου
301 3369 354 3436 ἐπὶ
372 3371 544 3454 ’ξενολογίαν
564 3362 643 3445 μοιοὶ
660 3362 850 3444 χρημάτων,
867 3353 910 3432 cb'c
927 3383 1024 3444 φησιν
1038 3352 1195 3445 Ἔφορος,
1231 3349 1301 3420 εἶτα

217 3469 606 3565 μετοιβαλλομέοοοπρύς
634 3473 753 3553 Κῦρον.
796 3468 917 3550 Δοῦρις
946 3469 982 3530 δὲ
1010 3463 1043 3531 ἑο
1080 3465 1107 3529 δ’
1134 3466 1198 3530 τῶν
1230 3462 1303 3550 περὶ

219 3589 419 3671 Ἀγαθοκλέα
441 3581 502 3649 cinci
522 3584 578 3644 roni
598 3581 770 3652 Ὀδυσσέως
792 3572 929 3657 ἑταίρου.
1428 3643 1429 3654 ¹

285 3698 482 3762 Proverbium
505 3699 615 3771 autem,
634 3690 666 3752 in
689 3707 748 3771 quo
770 3681 953 3764 Εὐρύβατος
974 3701 1083 3746 nomen
1105 3682 1137 3744 in
1159 3675 1301 3762 πονηροῦ
1428 3675 1429 3690 ²

222 3808 402 3882 rimabit,
434 3808 484 3864 sat
507 3806 609 3861 notum
629 3802 698 3874 est;
734 3794 766 3857 id
790 3793 941 3874 originem
975 3789 1098 3852 duxisse
1128 3789 1169 3854 ab
1202 3788 1303 3865 llurp.

223 3909 304 3981 bato
319 3916 439 3979 videtur
460 3907 706 3983 existimandum,
728 3901 835 3966 croesi
854 3902 979 3983 legato,
1001 3916 1089 3980 quem
1108 3898 1218 3962 scimus
1240 3901 1311 3959 tam.

223 4023 347 4087 sordido
367 4020 460 4084 fuisse
482 4015 599 4093 animo,
617 4017 666 4091 ut,
687 4027 777 4093 quum
799 4023 820 4071 e
841 4024 915 4090 rege
934 4005 974 4068 ad
996 4005 1163 4070 exercitum
1182 4022 1305 4085 compa-
1427 4019 1428 4036 ¹

223 4133 353 4195 randum
373 4144 502 4206 magras
523 4120 691 4202 accepisset
709 4116 870 4199 poemiae,
904 4117 1113 4197 transfugeret
1129 4113 1168 4178 ad
1191 4109 1305 4190 cyrum

224 4238 340 4302 bostem
375 4235 467 4316 eique
496 4227 603 4294 croesi
632 4223 762 4288 consilia
791 4227 900 4286 conca
930 4223 1132 4288 denuntiaret
1187 4214 1305 4301 lipbcri
