2864 4942
512 327 757 395 ..25-

91 540 151 585 sua
180 521 276 602 ipsius
294 518 502 610 disputatione
524 517 759 583 llrrllemonnmn
777 514 920 602 nogium
941 511 1079 596 posuisse
1097 509 1178 580 nou-

93 630 169 692 ciam
198 647 270 711 pug.
291 631 342 692 52.
365 627 475 691 discas.
516 627 681 710 Postquam
715 628 793 690 enim
828 627 894 690 elta
926 621 1001 687 ‘voce
1031 624 1177 686 clamavit

93 738 124 800 in
147 737 187 800 iis
219 755 297 821 qnae
316 736 518 818 praecellunt,
549 755 611 800 non
628 753 669 800 ex
690 737 822 800 eliorum
840 729 936 801 libris
948 731 1091 796 lluridem
1111 735 1177 794 nia·

92 845 187 909 luisse
210 863 266 906 suo
288 842 440 924 conflare,
461 862 550 928 quam
570 850 667 911 totam
691 844 789 925 ipsum
807 841 1018 924 antiquitatem
1037 855 1178 922 pensoru-

92 952 318 1033 un,pac1oscc
340 951 369 1014 ei
389 951 681 1032 scriptorumnoros
695 952 886 1034 optimorum,
907 949 947 1013 ao
968 954 1178 1012 vononem

91 1067 126 1126 et
149 1059 329 1125 abscondita
349 1066 544 1125 monumenta
566 1061 664 1125 libere
691 1059 877 1139 accessisse,
900 1056 1087 1132 familiarum
1102 1071 1179 1137 por-

91 1167 209 1252 cepisse
218 1167 411 1243 traditiones,
432 1168 514 1231 omni
527 1167 657 1250 lenique
676 1165 880 1250 cognoscendi
893 1173 924 1230 et
934 1168 1078 1233 accurate
1096 1164 1177 1227 seri-

89 1277 185 1340 bendi
208 1277 296 1359 copia
310 1293 377 1340 esse
396 1295 484 1340 rmum
502 1295 593 1340 unum
615 1277 647 1339 ln
670 1275 776 1359 paucis
797 1275 961 1352 uberrima,
982 1273 1055 1352 dia,
1075 1272 1176 1336 subito

93 1384 127 1448 iu
148 1384 228 1450 hono
248 1383 491 1465 inexspectatum
517 1383 630 1447 leoitlit
655 1384 897 1464 contessionem:
926 1387 1049 1462 fateor,
1069 1383 1178 1465 inquit,

90 1509 144 1554 rec
165 1492 269 1574 egitur
289 1491 469 1571 difficillime
488 1497 520 1554 et
538 1509 638 1574 paene
658 1491 892 1571 inextricabilis,
913 1493 968 1556 sel
990 1499 1103 1556 temere
1123 1493 1179 1556 la-
1300 1565 1301 1572 ἵ

90 1617 198 1664 muare
215 1617 277 1663 uon
296 1600 384 1662 decet
397 1617 527 1681 aequum
544 1600 694 1682 inlicem·¹
727 1601 831 1683 Neque
851 1601 983 1682 priorem
1004 1601 1078 1680 eins,
1100 1617 1180 1683 qnae

90 1707 120 1772 ei
142 1708 182 1770 cle
199 1706 320 1770 Buride
338 1707 461 1770 videtur
472 1709 707 1790 pronuntianda,
721 1709 893 1772 sententiae
904 1714 1022 1790 partem
1032 1731 1046 1772 2v
1062 1727 1178 1791 „quatr-

88 1815 252 1898 eloquilem
265 1814 477 1879 dormitaverit
489 1815 580 1880 licet“
604 1817 696 1880 lacile
710 1815 946 1899 exspectaveris,
967 1809 1127 1900 postquam
1147 1817 1180 1881 in

88 1925 139 2005 iis,
158 1941 237 2007 qrac
253 1924 440 2005 praecedunt
457 1923 602 1988 Doridem
613 1925 751 1989 omnibus
760 1925 888 1988 maculis
902 1925 1076 2012 purgavit(
1091 1925 1179 2004 quoi

89 2033 310 2100 llullemennus
330 2033 371 2097 ul
391 2034 481 2097 ticlcm
501 2035 612 2098 Doridi
633 2034 849 2099 vindicandam
868 2041 1081 2116 argumentum
1101 2035 1179 2116 petit

89 2157 132 2204 ex
144 2157 191 2218 co,
210 2142 291 2223 quod
305 2141 346 2206 etl
366 2141 497 2223 optimos
514 2141 543 2204 ei
563 2143 662 2224 libros
681 2143 783 2206 alitus
804 2141 946 2225 putruerit,
966 2159 1057 2226 quom
1068 2142 1181 2206 lamet

90 2247 172 2326 vim,
192 2268 254 2314 noo
275 2250 384 2330 video,
407 2250 555 2333 siquidem
574 2249 615 2314 el
634 2267 702 2314 eam
730 2267 795 2314 rem
818 2249 1017 2314 dirimendam
1038 2269 1100 2313 non
1121 2252 1180 2314 loc

95 2357 270 2438 quaerimur,
300 2375 380 2438 queo
402 2358 711 2438 momentumque
733 2360 973 2439 praecesserunt,
997 2357 1180 2440 scriptorum

89 2465 176 2543 tiles,
196 2465 252 2544 secl
272 2465 357 2540 illul,
377 2483 447 2530 num
471 2481 509 2528 re
525 2481 601 2530 vero
622 2466 693 2528 illos
714 2472 745 2528 et
769 2476 873 2535 eorum
898 2467 1019 2550 quidem
1047 2467 1178 2548 optimos

93 2590 230 2655 quosque
250 2580 371 2638 secutus
401 2573 442 2638 sit
471 2588 590 2658 queque
606 2585 672 2636 'eos
699 2570 820 2636 ratione
847 2575 889 2638 sit
918 2581 1054 2652 secutus3
1082 2591 1180 2658 neque

94 2699 170 2744 vero
183 2681 249 2743 ullo
263 2688 355 2762 poeto
365 2682 397 2744 id
408 2700 448 2746 ex
458 2699 494 2744 eo
506 2682 673 2764 colligitur,
691 2683 774 2765 qnotl
795 2683 887 2744 semel
901 2677 993 2747 'bisve
1010 2683 1115 2746 coelem
1129 2701 1180 2746 re-

93 2789 167 2865 fert,
189 2804 268 2869 quae
287 2789 454 2869 superioris
474 2789 585 2854 aetatis
603 2790 685 2872 iique
706 2789 811 2873 optimi
832 2793 970 2854 referunt
983 2791 1157 2872 scriptores.

179 2895 245 2958 lom
268 2896 437 2979 veroquid
461 2915 518 2960 nos
549 2899 588 2960 le
607 2898 764 2962 Plutarchi
784 2897 897 2962 iudicio
917 2899 1103 2962 iudicemust
1143 2897 1181 2962 Si

96 3007 296 3084 reputemus,
328 3004 523 3068 Plutarchum
553 3023 614 3068 non
647 3024 738 3086 posse
755 3006 911 3072 'simultate
938 3013 1058 3089 captum
1077 3007 1182 3089 putari

96 3119 262 3194 propteroa
284 3115 362 3195 quel
396 3115 489 3178 trium
510 3116 701 3179 saeculorum
721 3116 823 3197 spatio
844 3115 923 3180 vixit
957 3115 1112 3180 aliurile
1130 3133 1180 3178 re-

96 3227 205 3298 motus,
226 3237 354 3303 eumque
374 3239 392 3281 e
413 3223 555 3286 diuturne
576 3221 824 3286 vitaehumanae
845 3222 1059 3285 observatione
1081 3223 1182 3284 lacnl-

98 3335 191 3392 noem
215 3330 272 3392 sibi
295 3347 490 3411 comparasse
507 3331 638 3411 penitius
660 3331 872 3413 percipiendae
892 3329 1039 3393 historiae
1060 3329 1183 3392 minime

96 3438 278 3502 mediocrem
306 3444 337 3500 et
366 3437 582 3504 historicorum
615 3439 712 3504 libros
742 3440 865 3504 assidua
896 3437 1026 3502 lectione
1065 3437 1179 3500 contri-

97 3548 180 3612 visse
209 3565 336 3631 esseque
361 3549 459 3612 virum
486 3548 625 3612 veritetis
652 3549 822 3611 studiosum
850 3564 947 3628 neque
977 3547 1010 3609 in
1038 3546 1106 3608 ulla
1132 3547 1180 3613 hi-

96 3656 213 3720 storiae
233 3665 322 3738 perte
342 3657 459 3724 maiore
491 3677 558 3722 cum
589 3658 750 3741 diligentia
775 3662 928 3720 versatum
949 3673 1038 3739 qnam
1066 3656 1098 3719 in
1120 3675 1182 3739 qua

97 3770 240 3828 versatus
262 3774 309 3832 est
331 3769 396 3851 ipse
414 3769 515 3848 lintis,
536 3787 639 3834 eorum
663 3771 792 3853 denique
814 3768 934 3830 ratione
964 3765 1079 3844 lenite,
1101 3785 1180 3849 quac

98 3892 139 3936 cx
168 3874 243 3955 ipsis
274 3878 456 3958 fragmentis
489 3884 577 3941 eruta
604 3878 774 3960 infringunt
807 3877 1026 3959 nobilitantque
1056 3873 1180 3939 nucleis

99 3983 331 4062 anctoritatem,
352 4005 414 4049 non
443 3997 601 4069 possumus
622 3990 760 4070 prolecto
790 3989 912 4066 lacere,
941 3988 1012 4069 quin
1040 3984 1121 4090 omni
1141 4001 1181 4046 cx

101 4096 191 4171 parte
206 4093 311 4155 valere
332 4091 488 4154 iubeamus
506 4091 589 4156 illius
609 4091 761 4158 iudicium.
803 4096 909 4176 ltaque
931 4109 968 4154 eo
990 4089 1050 4154 iam
1069 4103 1180 4168 perve-

103 4198 155 4263 nit
182 4200 347 4282 ‹lisputatlo
371 4207 494 4280 nostre,
523 4205 557 4267 ot
586 4199 746 4283 imaginem
770 4201 919 4283 pessimus
930 4197 1054 4264 Docilis
1076 4195 1181 4277 primis
