2864 4942
675 337 893 405 ..3-

243 539 324 624 quoi
346 536 448 602 omnia
469 536 544 610 tere,
565 549 643 616 quae
658 527 772 596 Suitas
792 527 917 596 Duritia
933 532 1105 596 testimonia
1126 535 1224 616 affert,
1244 557 1324 602 corn-

242 653 372 711 mentum
402 644 551 707 redolent
610 640 765 706 ,sinititer
800 640 926 704 Photius
953 640 1199 724 lexicogropios‘
1219 645 1324 709 Doridi

244 754 367 819 uisentis
389 751 494 817 veritis
514 757 712 814 commentum
737 749 924 832 exprobrat,
944 768 1005 812 non
1025 755 1112 814 suano
1133 749 1214 813 haud
1235 752 1324 814 dubie

246 861 560 928 unius'auctoritatcrn
576 865 711 922 secutus:
732 859 812 921 conf.
823 855 959 921 {tulleta
974 879 1004 940 p.
1016 852 1135 922 16οστό
1150 857 1186 918 δὲ
1198 854 1326 935 πλάσμα

243 963 411 1049 Δούριδος,
434 985 512 1049 quac
535 963 642 1045 verita,
662 983 721 1047 quo
744 970 904 1048 spectent,
929 965 1053 1028 difficile
1077 972 1124 1030 est
1145 967 1236 1030 dictu.
1258 967 1325 1030 ue

242 1095 391 1161 perversa
406 1075 530 1158 quidem
549 1073 764 1156 Aristophanis
783 1073 946 1136 verborum
969 1072 1097 1152 Σαμίων
1125 1068 1142 1132 ὁ
1166 1072 1263 1154 δῆμος
1282 1072 1325 1147 nic

243 1177 510 1264 πολυγράμματος
524 1182 735 1267 explicatione
751 1201 789 1246 ea
810 1199 877 1245 esse
900 1181 1112 1264 intelligenda,
1125 1183 1325 1257 fluitenanno

243 1293 363 1377 putasti
384 1290 724 1373 aucupaturi-equitem
746 1309 808 1354 noa
830 1309 961 1371 possum,
986 1297 1018 1352 ct
1037 1290 1109 1372 qnia
1127 1291 1162 1371 is,
1183 1293 1235 1374 qui
1256 1311 1323 1372 per.

243 1419 349 1482 peram
374 1400 505 1464 alicuius
533 1400 629 1464 verba
648 1397 816 1480 inteiligit,
847 1391 1030 1473 πλάσματος
1060 1396 1177 1479 quidem
1197 1417 1257 1462 non
1279 1401 1326 1464 vi-

245 1509 335 1572 detur
355 1510 554 1589 accusandus,
575 1514 607 1572 et
625 1513 790 1590 propterea·
808 1508 887 1590 quot
901 1507 995 1570 nimia
1010 1507 1139 1570 aliarum
1160 1522 1260 1568 rerum
1275 1526 1326 1568 co-

244 1616 297 1696 pia
315 1615 498 1698 interposita
518 1621 573 1680 est
615 1617 726 1680 'l'otam
748 1623 848 1678 autem
875 1617 1011 1678 tortasse
1031 1616 1070 1677 de
1091 1621 1203 1678 noctua
1225 1620 1256 1674 ct
1277 1632 1327 1676 so·

240 1743 354 1788 annena
381 1725 534 1788 frontibus
556 1725 663 1790 inussa
691 1725 898 1788 narrationem
937 1726 1115 1806 graviorum
1146 1722 1327 1803 scriptorum

245 1838 367 1895 secutus
388 1833 601 1896 auctoritatem
622 1833 748 1896 Photius
771 1833 846 1897 dicit
866 1851 886 1896 a
907 1833 1021 1897 {turine
1043 1850 1111 1894 esse
1131 1831 1297 1894 confictam.

328 1938 509 2018 Harpocrat.
530 1958 560 2019 p.
576 1943 619 2001 34
639 1957 668 2000 v.
684 1933 860 2018 Ἀσπασία,
883 1943 963 2004 coni.
980 1940 1107 2002 fluitem.
1122 1940 1232 2019 fragm.
1256 1938 1326 1999 LX:
1417 1927 1418 1976 ἶ

244 2038 332 2102 δοκεῖ
350 2040 387 2103 δὲ
409 2041 496 2103 δυοῖν
517 2041 662 2121 πολέμων
681 2044 768 2106 αἰτία
786 2047 953 2128 γεγονέναι,
972 2048 1029 2110 τοῦ
1043 2065 1075 2108 τε
1090 2043 1256 2121 Σαμιακοῦ
1276 2043 1329 2104 καί

243 2144 302 2206 τοῦ
320 2148 627 2228 Πελοποννησιακοῦ,
647 2144 690 2223 τάς
712 2145 779 2212 ἔστι
797 2154 915 2229 μαθεῖν
935 2145 1022 2234 τιαρά
1040 2172 1074 2211 τε
1096 2147 1252 2230 Δούριδος
1271 2151 1328 2210 ¹⁰¹7

245 2249 370 2328 Σαμίου
398 2251 454 2312 καί
472 2249 679 2336 Θεοφράστου
701 2254 735 2318 ἐκ
757 2256 815 2319 τοῦ
836 2255 986 2336 τετάρτου
1008 2258 1072 2320 acio
1088 2253 1329 2318 πολιτινιοῖνκαί

246 2353 281 2414 ἐκ
302 2354 365 2416 τῶν
380 2355 632 2442 Ἀριστοφάνους
647 2358 842 2442 Ἀχαρνέων.
874 2368 958 2441 Quae
970 2365 1219 2446 Harpocrationis
1232 2369 1328 2430 verba

245 2465 388 2530 vitientur
409 2467 455 2532 ita
482 2488 549 2532 esse
576 2469 771 2553 accipientia,
799 2479 833 2534 ut
860 2469 916 2532 τοῦ
937 2491 969 2531 τε
992 2470 1156 2549 Σαμιακοῦ
1178 2476 1216 2537 ad
1240 2470 1326 2553 παρά

245 2591 280 2632 τε
301 2570 468 2656 Δούριδος,
490 2577 530 2640 ad
553 2573 607 2638 κατ’
626 2597 680 2637 του
705 2571 911 2657 Θεοφράστου
931 2586 1033 2642 autem
1052 2579 1111 2640 τοῦ
1128 2582 1331 2662 Πελονιοννη·Ι

245 2680 359 2741 nonnosi
380 2685 476 2748 verba
499 2694 652 2767 spectent,
672 2704 843 2770 quanquam
866 2687 941 2750 nihii
971 2688 1003 2751 in
1025 2690 1168 2754 eiusmodi
1191 2709 1225 2752 re
1252 2691 1328 2753 certi
1419 2761 1420 2780 ρ

244 2796 347 2870 potest
369 2791 449 2855 elici.
493 2794 660 2870 Quaerenti
682 2801 799 2872 auteur,
829 2813 899 2858 uuus
922 2796 986 2858 sint
1008 2816 1100 2876 vera,
1124 2817 1202 2880 quae
1225 2817 1244 2862 a
1265 2799 1326 2862 Du·

245 2897 314 2960 rite
332 2900 370 2962 de
391 2900 509 2963 Pericle
527 2903 708 2984 traduntur,
728 2906 931 2987 reputandum
954 2911 1010 2985 est,
1030 2923 1126 2987 neque
1144 2907 1223 2987 aput
1245 2906 1327 2970 Thu-

246 3005 384 3082 cyoiioieur
405 3007 618 3088 gravissimum
640 3029 741 3074 rerunr
763 3032 819 3076 sua
845 3012 940 3094 ipsius
959 3018 1062 3077 necate
1082 3018 1240 3094 gestarum
1260 3015 1325 3079 exi-

244 3112 442 3192 stimatorem,
464 3133 562 3198 neque
582 3119 661 3199 aput
684 3119 849 3184 Diodorum
869 3121 964 3184 ulium
985 3122 1114 3202 reperiri
1128 3123 1253 3186 iliorum
1273 3142 1324 3185 va.

244 3219 376 3304 stipium.
408 3224 472 3286 lam
490 3242 563 3288 vero
585 3225 790 3291 lubetatierrc
804 3227 985 3310 Tmupii*)
1006 3229 1112 3310 verta,
1133 3231 1184 3312 qui
1200 3232 1328 3312 egregie

246 3327 286 3390 ile
306 3347 344 3393 ea
365 3347 399 3393 re
420 3330 604 3413 disputavit:
637 3335 820 3415 „Plutarcho
841 3337 953 3400 Pericli
972 3337 1046 3402 beili
1069 3338 1170 3406 Samii,
1185 3339 1325 3402 moventi

247 3454 359 3500 musae
391 3437 485 3502 tuisse
512 3441 656 3506 vitientur
675 3444 834 3539 privatae,
863 3445 951 3526 quasi
978 3445 1094 3508 scilicet
1116 3464 1153 3507 eo
1174 3446 1325 3509 atdraus

245 3551 326 3607 esset
346 3545 512 3628 Aspasiae,
539 3551 654 3616 muoso
676 3553 822 3616 oriundae
843 3553 962 3635 sitique
990 3551 1151 3616 devinctae
1173 3554 1323 3636 precibus.

245 3651 309 3718 Sed
330 3655 378 3718 ita
393 3656 469 3719 haec
482 3656 587 3721 tabula
599 3675 721 3721 εοοοαιο
739 3659 868 3737 redolet,
889 3666 923 3722 ut
944 3678 1005 3722 non
1026 3659 1167 3748 dubitata,
1188 3658 1262 3740 quin
1281 3660 1324 3722 ibi

244 3770 319 3827 nata
338 3763 387 3827 sit.
430 3767 493 3828 inno
521 3767 627 3832 videns
654 3767 712 3831 hoo
737 3767 804 3850 ipso
825 3774 959 3850 tempore
981 3769 1028 3831 01.
1048 3769 1100 3832 85.
1122 3772 1150 3830 1.
1171 3769 1233 3848 quo
1260 3767 1323 3829 iei-

276 4007 303 4080 *)
321 4007 466 4074 Disputatio
483 4009 744 4063 historico-litteraria
769 4011 802 4063 dc
821 4010 921 4064 Pericle
938 4011 1045 4078 ciusqne
1061 4009 1221 4076 reipublicae
1238 4007 1321 4061 Athe-

329 4101 457 4154 niensium
477 4103 695 4159 administratione
713 4107 816 4176 scripsit
839 4103 1031 4163 Soiko'Wsiire
1048 4105 1148 4174 Tronrp.
1166 4103 1244 4173 tungri.
1269 4103 1322 4154 iia-

334 4203 385 4250 tar.
406 4197 482 4252 1837.
