2864 4942
646 263 890 338 —24-

227 457 312 520 tebit.
356 458 441 531 Quae
463 454 501 530 dc
524 471 659 534 numero,
679 454 732 536 uni
746 453 993 536 monacharius
1011 453 1229 532 flniiemnnnrn
1253 459 1318 526 die-

224 571 333 648 putat,
360 565 434 628 nolo
466 570 623 646 repetere,
652 582 743 658 quemn
770 563 848 631 nihil
867 564 909 630 nd
930 583 995 628 rem
1014 565 1140 636 famant,
1178 567 1317 654 Prinna

223 693 373 758 quaerere
395 675 462 757 quis
482 675 626 757 potuerit,
646 692 718 737 num
737 674 853 737 minuat
872 671 1057 740 Plutarchus
1073 673 1121 738 hie
1135 675 1239 738 verhis
1249 677 1315 744 ltu,

221 784 320 850 ridem
340 801 358 856 e
380 789 584 867 spectatorum
604 783 788 867 scriptorum
808 799 950 850 numero:
979 778 1055 848 δέκα
1079 775 1122 854 ὥς
1139 775 1314 859 Ἰδομενεὺς

221 885 277 955 καὶ
296 889 424 970 Δοῦρις·
447 884 628 970 εἰρήκασιν·
660 884 740 952 aad
766 887 795 950 δ’
813 885 857 962 ὡς
878 883 908 960 ol
930 891 1073 952 πλεῖσται
1100 887 1156 950 καί
1175 887 1313 968 δοκιμώ-

220 992 307 1063 rnrn'a
329 995 393 1061 ruia
406 995 625 1081 συγγραφέων.
668 999 731 1062 Sed
752 999 824 1072 iicet
845 1017 911 1062 eum
930 1001 1055 1094 cximpt,
1074 1014 1146 1062 uum
1165 1007 1312 1084 propter-

222 1125 261 1172 ea
288 1125 356 1173 enm
384 1105 509 1184 eximit,
529 1107 612 1190 qnod
633 1107 666 1170 in
687 1124 812 1173 numero
837 1106 1078 1190 deuagogorum
1097 1107 1311 1174 constituendo

221 1234 242 1281 n
261 1213 373 1278 ceteris
398 1214 579 1297 discrepat?
610 1215 690 1278 Tale
721 1215 793 1298 quid
826 1216 880 1299 qui
902 1215 1025 1280 tandem
1049 1215 1182 1296 potuerit
1203 1215 1311 1280 Hulle-

218 1342 331 1388 mnnno
352 1323 384 1388 in
404 1330 535 1390 mentem
555 1324 671 1404 venire,
691 1344 753 1391 nnn
774 1341 933 1408 assequor.
975 1322 1053 1388 liam
1073 1323 1153 1386 enim
1173 1323 1212 1388 oh
1232 1343 1310 1388 cnu-

221 1449 286 1498 sonr
307 1432 402 1495 facile
423 1439 553 1516 apparat
568 1451 585 1494 e
602 1434 786 1515 scriptorum
805 1439 1010 1517 spectatorum
1022 1449 1147 1501 numero
1163 1431 1309 1498 Duridcm

219 1558 240 1605 a
263 1539 429 1604 Plutarcho
453 1540 566 1621 eximi,
590 1542 670 1622 qnod
695 1559 843 1624 nusquam
863 1541 941 1607 satis
960 1559 1070 1610 severe
1090 1539 1232 1604 veritatis
1254 1557 1307 1602 ve-

218 1646 314 1728 stigia
334 1654 488 1730 sequatur·
537 1647 665 1732 „attauh
685 1650 791 1731 pergit
810 1649 1030 1720 ihdlemannus
1048 1667 1078 1729 p.
1091 1650 1132 1710 57
1145 1646 1208 1714 ima
1228 1649 1307 1728 iere,

217 1755 284 1837 puio
308 1739 561 1839 exspectaveriti
581 1756 629 1820 cui
649 1757 792 1839 scriptori
810 1757 891 1824 inter
913 1748 984 1823 roric
1005 1749 1237 1830 δοκιμωτάτους
1255 1756 1306 1820 lo·

217 1882 270 1928 urs
290 1864 471 1945 denegatur,
490 1865 570 1928 ideru
590 1865 645 1926 ille
665 1884 732 1930 cum
751 1867 926 1936 Ptolemaeo
950 1863 1080 1945 aliisque
1099 1863 1305 1944 praestantis-

216 1969 300 2034 simis
322 1969 477 2041 historicis
506 1970 713 2052 componitur,
744 1972 796 2054 qui
816 1989 919 2043 omnes
949 1971 1028 2054 quod
1061 1971 1100 2050 dp
1128 1971 1302 2040 Alexandri
1409 1945 1410 1988 ³

216 2095 284 2140 cum
311 2077 471 2141 Thalestri
500 2078 716 2144 consuetudine
747 2081 948 2161 negaverint,
975 2079 1140 2150 Plutarcho
1161 2079 1304 2146 dicuntum

216 2187 283 2251 inne
303 2185 466 2268 negasset
508 2187 635 2268 Integra
655 2194 756 2252 autem
776 2189 995 2258 manescriham
1016 2187 1175 2256 Plutarchi
1192 2185 1298 2265 verbe,

217 2311 307 2377 quum
328 2295 441 2376 optimo
454 2297 562 2375 electo,
576 2314 679 2360 eorum
692 2297 818 2360 lluridis
833 2297 991 2375 sociorum,
1012 2295 1063 2376 qui
1085 2295 1211 2358 minoris
1231 2301 1304 2362 sunt

215 2388 418 2481 auctoritatis,
436 2405 552 2468 nnllam
560 2405 777 2469 heldemannus
790 2405 932 2471 hahuerit
943 2404 1103 2471 rationem.
1121 2403 1197 2469 Piut.
1209 2405 1300 2470 Alex.

215 2513 334 2576 xhv1:
364 2509 503 2574 ἐνταῦθα
533 2512 567 2572 δὲ
598 2509 678 2593 πρὸς
700 2509 801 2574 av’rciu
820 2507 1072 2593 α’φικέσθαισὴα
1092 2506 1251 2586 Ἀμαζόνα
1273 2503 1303 2570 σῖ

215 2616 325 2680 πολλοὶ
345 2617 497 2698 λέγουσιν,
516 2607 562 2682 οἷν
582 2618 636 2682 καί
659 2613 854 2698 Κλείταρχός
876 2617 942 2680 ἐστι
964 2619 1021 2680 καί
1031 2616 1225 2696 Πολύκριτος
1248 2617 1304 2678 aot

219 2721 421 2807 Ονησίκριτος
435 2729 490 2788 καί
499 2724 683 2807 Ἀντιγένης
703 2722 758 2788 καὶ
767 2715 904 2808 Ἴστρος·
931 2722 1170 2806 Ἀριστόβουλος
1193 2719 1302 2785 δὲκαὶ

212 2827 327 2912 Χάρης
358 2826 376 2892 ὅ
403 2830 600 2912 εἰσαγγελεύς
626 2831 680 2895 καὶ
706 2836 905 2910 Πτολεμαῖος
932 2830 986 2894 καί
993 2830 1213 2912 ,Ἀντικλείδης
1245 2827 1302 2894 καὶ

218 2936 325 2998 Ocima
345 2934 362 2998 ὃ
384 2937 523 3020 Θηβαῖος
543 2941 600 3001 καί
629 2936 785 3014 &chennor
809 2936 826 2999 ὅ
848 2933 1027 3010 Χαλκιδεύς
1042 2937 1110 2998 «καὶ
1137 2937 1259 3019 Δοῦρις
1280 2933 1298 3000 o‘

215 3038 334 3122 Σάμιος
355 3044 485 3123 πλάσμα
511 3047 594 3128 φασι·
614 3045 770 3127 γεγονὲσαα
793 3049 893 3114 rorico.
935 3051 999 3110 lam
1018 3065 1092 3110 vcro
1114 3047 1166 3129 qui
1187 3067 1208 3112 a
1229 3050 1299 3112 Plu-

215 3155 323 3221 tarcho
347 3163 566 3236 componuntnr
589 3174 691 3222 reruni
710 3159 888 3240 scriptores,
911 3175 979 3220 nunu
1001 3173 1037 3217 en
1060 3161 1151 3237 pactu
1175 3174 1298 3237 compo-

214 3269 326 3328 nuntur
346 3269 379 3326 ut
408 3282 513 3326 ornnes
548 3265 636 3346 quasi
670 3246 833 3328 communis
857 3265 1064 3348 praestantiae
1092 3264 1218 3333 uinculo
1235 3263 1298 3326 sint

214 3373 364 3436 coniuncti
375 3374 389 3436 i
409 3376 477 3449 Qua
487 3371 679 3446 hullemauni
687 3374 807 3435 ratione
821 3391 925 3440 nonne.
938 3373 1120 3453 efficeretur,
1133 3379 1175 3449 nt,
1189 3372 1298 3454 siquis

213 3475 337 3558 diceret,
357 3480 440 3544 tradi
460 3480 541 3543 idom
560 3480 676 3563 aliquid
693 3480 912 3560 a'l'hucydide,
931 3480 1066 3558 Timaeo,
1085 3479 1297 3562 Xenophonte,

214 3585 347 3664 Tnctna,
365 3588 479 3667 Suida,
500 3587 592 3670 aliis,
615 3608 719 3652 omues
739 3591 797 3654 hos
817 3590 982 3671 scriptores
1011 3590 1045 3654 in
1066 3589 1172 3664 eudem
1195 3594 1298 3652 essent

215 3692 380 3776 gravitatis
399 3702 429 3760 et
450 3698 519 3760 fidei
541 3699 641 3780 gradu
662 3695 841 3762 constitutit
862 3700 949 3762 Novo
970 3698 1067 3779 igitur
1087 3697 1228 3778 exemplo
1249 3695 1296 3760 vi-

213 3803 288 3868 deas
309 3803 521 3884 comprobari,
550 3820 703 3889 quousque
726 3807 776 3870 vir
805 3806 921 3871 suhacti
942 3804 1045 3871 indicii
1065 3806 1159 3868 semel
1180 3804 1297 3887 cupidi-

213 3916 276 3974 tate
296 3909 440 3991 ahreptus
461 3913 559 3991 possit
579 3915 734 3998 progredi.
777 3914 813 3978 Si
836 3914 913 3978 euim
936 3931 973 3976 aa
992 3913 1102 3987 omnia,
1128 3930 1205 3995 quae
1223 3913 1296 3976 Plu·

213 4017 320 4082 tarcho
334 4017 552 4084 liulienrannus
568 4023 745 4103 exprobrat,
764 4041 837 4084 vera
857 4022 888 4083 in
912 4041 980 4086 eum
1000 4021 1153 4095 caderent,
1177 4019 1296 4083 hehetis

214 4127 351 4206 protecto
373 4126 489 4212 ingenii
513 4127 600 4200 horno
623 4128 779 4193 habendus
803 4133 883 4192 esset
906 4128 1095 4194 Plutarchus·
1139 4129 1242 4212 Neque
1261 4128 1296 4191 iu
