2864 4942
641 319 885 386 ..20-

217 516 387 574 commenta
408 507 560 574 hahentur
580 527 600 571 a
622 507 804 585 Plutarcho,
834 525 898 570 cum
922 507 987 568 eius
1008 505 1200 598 crudelitatis
1226 513 1306 592 apud

216 618 434 695 Thucydidem,
458 617 631 698 Ephorum,
651 614 847 680 Aristotelem
874 633 913 676 ne
936 612 1030 675 verbo
1054 615 1173 694 quidem
1194 621 1305 681 mentio

154 763 156 767 -
214 729 284 806 liat,
306 743 455 808 qumnquc
479 727 510 788 in
539 725 715 788 universum
736 725 827 786 Duris
849 725 880 786 in
913 723 1034 805 patriae
1058 721 1188 787 historia
1213 745 1304 788 enar-

214 829 313 892 randa
333 830 398 891 suis
426 831 527 894 soleat
547 831 655 892 studiis
676 829 836 892 inservire.
871 828 966 905 ,Quod
988 827 1144 892 Plutarchi
1163 829 1315 902 iudicium

213 940 433 1003 llullemannus
454 938 499 1000 ita
511 939 612 1000 studet
624 939 788 1018 infirmare,
811 945 846 999 nt
864 937 943 1019 quod
961 936 1210 1018 gravissimorum
1225 945 1302 1007 scri-

215 1052 336 1128 ptorum
357 1045 538 1110 testimoniis
561 1065 598 1108 ca
623 1055 674 1108 res
696 1065 757 1108 non
778 1047 991 1120 continuetur,
1013 1046 1126 1108 nullius
1149 1067 1215 1110 esse
1236 1065 1301 1112 mo-

211 1150 304 1214 menti
325 1149 416 1212 dicat.
460 1150 558 1212 Duris.
574 1151 673 1225 enim,
695 1151 758 1229 ait,
780 1150 830 1232 qui
850 1149 972 1212 Samius
995 1161 1080 1232 esset¹
1093 1153 1237 1238 Sannique
1254 1159 1298 1219 vi-

209 1263 271 1318 tam
293 1257 429 1338 degeret,
453 1251 645 1338 quiEupnioo
663 1253 814 1320 'scriberet
829 1246 942 1334 (ὅρους,
964 1273 1232 1347 nonnecomperta
1245 1267 1299 1328 ha-

211 1365 283 1436 bere
304 1365 420 1444 potuit,
450 1384 552 1427 nonne
575 1367 747 1428 accuratius
771 1374 977 1446 pertractare,
998 1385 1076 1450 quae
1096 1371 1151 1456 alii
1171 1372 1297 1454 ignora-

210 1480 341 1551 verant,
363 1480 576 1556 cognoverant
598 1477 730 1538 sortasse
756 1477 831 1555 alii,
852 1476 905 1538 sed
927 1479 1021 1538 certis
1043 1478 1204 1542 decausis
1226 1500 1298 1542 con-

208 1579 494 1644 sultoomiserantl
517 1582 622 1657 uuida
644 1578 796 1646 nulliusne
807 1589 853 1644 est
864 1583 1017 1655 momenti,
1044 1587 1122 1666 quod
1144 1588 1297 1664 Thucydi-

210 1686 274 1763 des,
296 1685 448 1766 Ephorus,
472 1686 653 1749 Aristoteles
669 1708 707 1750 nc
722 1691 816 1750 verbo
831 1689 951 1771 quidem
964 1687 1132 1772 'tetigerunt
1145 1701 1207 1757 tarn
1224 1697 1297 1758 hor-

207 1786 333 1848 rendum
352 1786 427 1848 illud
444 1787 576 1866 lacinus„
595 1807 654 1871 quo
665 1790 789 1870 dignius
808 1799 976 1856 memoratu
993 1799 1046 1861 vix
1061 1803 1191 1882 reperiri
1202 1805 1294 1866 ullum

207 1892 291 1956 aliud
306 1895 428 1974 possiti
448 1895 561 1957 llorurn
582 1897 718 1958 virorum
732 1915 810 1978 quae
834 1904 1011 1984 assecures,
1030 1909 1056 1968 si
1078 1912 1227 1985 consulto,
1249 1913 1293 1974 uti

205 2000 303 2062 credit
317 2000 546 2082 Halicarnasus
567 2003 645 2066 talia
666 2005 850 2070 omisissent.
893 2001 952 2074 list
973 2014 1052 2076 enim
1078 2015 1230 2094 historici,
1242 2017 1290 2081 Ci-

205 2127 315 2173 corone
338 2095 482 2188 auctore,
504 2128 564 2171 uon
595 2110 715 2189 solum,
745 2132 785 2176 ne
819 2133 879 2197 qna
899 2121 1031 2200 suspicio
1055 2124 1176 2213 gratiae
1201 2127 1291 2189 sitin

203 2216 377 2298 scribendo,
399 2236 438 2278 ne
459 2236 520 2298 qua
543 2217 722 2301 simultatis,
754 2223 808 2284 sed
831 2226 921 2288 etiam
950 2231 1081 2310 nequid
1103 2233 1170 2294 veri
1190 2235 1290 2297 dicere

202 2345 262 2387 nou
289 2325 410 2388 audeat.
458 2323 515 2396 Qui
536 2328 659 2390 tandem
690 2311 803 2413 puaeso
824 2327 892 2395 lieri
911 2335 1017 2415 potuit,
1037 2342 1071 2398 ut
1092 2343 1155 2402 tom
1176 2333 1288 2404 atrocis

201 2433 350 2496 facinoris
366 2434 399 2496 in
417 2441 541 2515 tempus·
557 2435 644 2512 illud,
664 2439 742 2519 quod
765 2440 863 2520 ipsum
885 2443 1037 2505 antecedit
1061 2445 1172 2512 hellum
1195 2450 1286 2511 Palo-

201 2541 426 2628 ponnesiacum‚
447 2542 626 2628 incidentis,
655 2563 694 2604 ne
714 2547 834 2608 tantula
854 2548 974 2628 quidem
996 2552 1035 2613 ad
1060 2553 1212 2618 Plutarchi
1233 2577 1288 2620 ae-

201 2655 295 2728 tutem
315 2649 493 2730 perveniret
511 2652 614 2714 semol
652 2651 693 2714 nt
711 2653 821 2728 Duris,
846 2656 897 2736 qui
920 2655 1043 2720 Samius
1065 2668 1153 2741 esset,
1175 2667 1286 2728 ceteris

200 2757 300 2839 magis
314 2757 414 2838 potuit
432 2758 556 2819 edoctus
575 2777 641 2820 esse
658 2759 696 2821 de
711 2761 760 2840 iis,
783 2780 860 2844 quae
878 2765 958 2827 hello
972 2766 1077 2832 Samio
1099 2777 1169 2835 sunt
1184 2779 1284 2851 gesta.

202 2861 303 2936 uuida
325 2862 520 2940 Thucydides
536 2863 770 2946 ethristoteles,
791 2885 917 2949 quorum
940 2874 1072 2938 alteret
1094 2877 1167 2941 helli
1191 2880 1285 2960 ipsius

201 2969 338 3049 aequalis
362 2949 421 3030 huit
441 2976 472 3030 et
484 2969 693 3034 incredibilem
712 2975 810 3056 siquis
832 2977 911 3040 alius
930 2979 972 3044 ad
993 2979 1136 3047 historias
1151 2989 1285 3052 conscri-

200 3074 317 3137 hcndas
346 3073 484 3137 adhihuit
505 3075 685 3142 industriam
709 3099 747 3144 ao
769 3064 982 3162 severitatem,
1002 3067 1083 3152 alter
1106 3112 1168 3155 non
1190 3099 1285 3160 multo

200 3189 271 3264 post
294 3183 387 3264 vixit,
420 3203 521 3247 nonne
551 3191 716 3266 potuerunt
745 3207 798 3254 eas
828 3210 879 3254 res
900 3195 1014 3257 Doride
1037 3199 1143 3264 melius
1170 3201 1296 3268 hahere.

200 3299 381 3373 compertas,
404 3293 455 3375 qui
483 3294 599 3377 integri
626 3297 742 3359 saeculi
766 3301 874 3381 spatio
895 3302 934 3364 ab
957 3303 1012 3366 illo
1034 3305 1115 3369 bello
1137 3309 1215 3372 vixit
1235 3330 1285 3373 re-

198 3401 321 3462 motus?
340 3400 389 3462 An
409 3403 491 3463 forte
512 3401 595 3463 illius
616 3402 761 3467 facinoris
781 3409 864 3472 lama
883 3408 1028 3484 Athenas,
1041 3433 1102 3477 non
1124 3417 1285 3496 pervenite

199 3505 305 3584 ltaque
332 3507 440 3587 quihus
470 3509 576 3571 Durim
607 3509 823 3577 llullemannus
853 3518 955 3579 studet
985 3539 1120 3602 purgare
1146 3525 1283 3604 maculis,

199 3610 306 3674 iisdem
327 3613 529 3695 Thucydidis,
552 3615 686 3698 Ephori,
710 3618 912 3701 Aristotelis,
926 3635 1089 3691 auctorum
1104 3632 1284 3710 probatissi-

199 3736 316 3780 morum
335 3720 449 3785 lumina
470 3733 637 3806 aspergere
657 3727 757 3791 audet.
800 3730 916 3794 Deinde
931 3731 957 3794 si
973 3735 1148 3816 respicimus
1166 3740 1285 3804 facinus

202 3825 308 3906 ipsum,
320 3831 383 3887 tom
399 3827 583 3894 horrendum
595 3832 625 3894 id
638 3833 755 3914 quidem
771 3843 826 3915 est,
846 3847 879 3901 ut
890 3841 1042 3906 crudelius
1054 3843 1108 3907 vix
1120 3847 1285 3929 quidquam

200 3933 299 4013 possit
327 3933 413 4016 hugi.
467 3936 530 4022 Suo
562 3946 663 4004 autem
690 3941 758 4005 iure
789 3945 920 4010 miratur
953 3948 1024 4012 Car.
1047 3951 1164 4034 lleilius
1186 3955 1284 4034 (Neue

200 4039 306 4106 Jahrb.
329 4044 351 4105 l.
376 4041 453 4106 Phil.
476 4062 504 4108 u.
526 4046 599 4112 Pad.
624 4054 715 4114 1839.
739 4053 800 4116 vol.
813 4056 939 4119 XXVll.
954 4079 985 4139 p.
1001 4059 1076 4139 141)
1099 4061 1151 4143 qui
1171 4063 1283 4129 laeuum

199 4146 306 4228 sit,ut
325 4151 503 4232 perdecem
525 4153 591 4216 dies
612 4153 750 4220 crucibus
772 4161 857 4228 affixi
885 4162 981 4229 Samii
1010 4186 1072 4232 non
1095 4169 1283 4258 multo-ante
