2864 4942
507 389 772 456 ,3,

121 585 199 648 euim
220 583 420 648 testimonium
436 581 597 646 ainornm
615 582 756 646 tinuatur
775 581 902 644 llior'lori
923 569 1115 657 auctoritate,
1137 578 1203 641 sine

121 694 186 756 ulla
207 693 362 755 vanarum
376 691 549 773 opinionum
568 691 790 773 significatione
809 690 889 754 iren
909 687 1068 752 tradentis.
1109 687 1206 749 rrae-

122 809 170 863 ter
190 801 355 864 lliotlorum
373 819 444 868 ,eum
464 800 589 882 llplroro
611 799 802 863 consentiunt
830 791 1050 880 llarpoerauo‚
1081 793 1204 874 Suirias,

122 908 319 990 Apostolius,
349 909 421 989 alii,
447 910 528 970 oonl.
551 909 649 970 ltleier
672 909 764 970 lilarx
791 907 910 988 llpltori
934 907 1046 985 fragm.
1078 921 1108 982 p.
1129 905 1203 964 207.ι

121 1019 310 1099 Quamquam
324 1019 445 1088 fuerunt
466 1016 567 1096 etiam,
592 1016 643 1099 qui
665 1015 854 1094 Eurybatum
864 1011 1094 1077 Oechaliensem
1108 1007 1204 1074 verbo

121 1117 396 1204 Ιειῖριιβοιτξιὶεσθυιι
416 1119 566 1206 originem
586 1124 705 1187 dedisse
725 1123 895 1186 crederent.
946 1119 1025 1197 Quid
1044 1117 1107 1194 iam
1126 1115 1206 1178 indi·

121 1249 221 1292 eemur
242 1231 281 1292 rie
302 1231 435 1311 lluritle,
473 1229 629 1312 proverbii
659 1229 810 1312 originem
841 1229 880 1292 alr
901 1225 1077 1304 Eurybate,
1104 1224 1208 1288 Ulixis

121 1339 205 1402 socio
226 1341 407 1420 repetente?
447 1339 594 1402 Nimirum
613 1343 661 1414 est
680 1337 768 1402 eain
789 1355 824 1400 re
843 1353 904 1399 non
924 1333 1023 1396 solum
1038 1337 1205 1414 propterea

121 1449 327 1528 accusandus,
348 1448 440 1530 puori
462 1455 632 1511 ceterorum
662 1448 844 1530 scriptorum
862 1443 1075 1508 auctoritatem
1093 1447 1207 1504 temere

121 1555 277 1636 neglexit,
297 1555 352 1617 seli
373 1541 592 1626 cummaxime
622 1555 660 1618 ob
681 1573 824 1634 eausam,
855 1553 935 1637 quoti
955 1571 1067 1615 novum
1088 1547 1204 1633 aliquid

121 1663 297 1738 substituit,
323 1683 382 1746 quo
405 1666 460 1727 vix
479 1663 655 1744 perversius
676 1663 835 1744 quiequam
855 1661 991 1742 potuerit
1011 1643 1105 1742 iungi.
1149 1658 1206 1734 Qui
1337 1741 1344 1746 Ι

121 1773 149 1833 si
169 1775 217 1834 vel
244 1773 376 1853 fugitivo
395 1767 595 1852 percurrisset
615 1773 699 1834 locos
720 1771 801 1852 apud
814 1771 976 1834 llomerum
996 1771 1035 1832 (le
1048 1768 1206 1846 llurylrate

121 1879 239 1956 obvios,
262 1879 382 1940 minime
396 1879 507 1942 calere
533 1879 566 1941 in
581 1879 680 1943 Ulixis
700 1877 815 1955 socium
835 1878 921 1940 illam
934 1871 1096 1958 πονηρίαν,
1116 1877 1207 1938 immo

121 1987 307 2049 cointrarium
340 1989 442 2068 potius
462 1988 508 2049 in
542 2005 609 2050 eum
642 1987 806 2049 convenire
838 1975 1052 2048 intellexisset.
1096 1984 1208 2066 ltaque

121 2095 265 2156 llurirlem
286 2097 428 2175 neglecta
439 2094 893 2178 gravissimorum'scripttrum
915 2093 1099 2156 auctoritate
1120 2089 1210 2173 quid-

120 2201 192 2283 quid
205 2203 236 2274 in
248 2209 376 2265 mentem
388 2203 482 2278 venit,
503 2203 670 2285 quadraret
691 2219 786 2263 neone
799 2221 862 2263 non
879 2205 1037 2264 curantem
1052 2203 1208 2280 arreptum

120 2325 276 2390 provere
306 2310 483 2374 venditasse
505 2310 652 2373 videmus.
696 2309 783 2385 Quod
815 2328 877 2371 non
908 2309 1005 2370 defurit
1038 2306 1089 2388 qui
1116 2307 1209 2370 etiam

120 2417 162 2479 atl
181 2435 271 2479 unum
293 2436 333 2492 ex
353 2416 503 2478 fabulosis
523 2416 587 2477 illis
604 2415 793 2496 cercopibus
813 2417 946 2477 referret
966 2413 1123 2494 proverbii
1143 2413 1211 2482 oris,

116 2525 239 2606 ginem,
257 2544 317 2586 non
340 2531 466 2588 excusat
486 2525 652 2587 lluridem:
677 2526 755 2588 conl.
778 2524 897 2586 Erasm.
919 2523 1021 2603 Alag.
1045 2525 1155 2601 p.308.

179 2630 334 2710 Diogenes
352 2621 457 2694 Laert.
478 2631 528 2713 qui
550 2630 671 2711 saepius
694 2649 749 2692 sua
771 2648 787 2690 e
807 2629 923 2691 lluritle
943 2629 1045 2692 hausit
1062 2631 1141 2692 tlt.
1155 2635 1205 2692 19.

114 2737 195 2799 haec
215 2737 339 2799 exhibet
358 2738 483 2801 Duritlis
505 2738 544 2799 (le
565 2737 695 2800 Socrate
717 2734 830 2799 v'erlra:
854 2733 973 2813 Δοῦρις
995 2733 1031 2795 δὲ
1051 2731 1108 2795 καὶ
1128 2735 1204 2794 ooo-

59 2877 62 2886 2
113 2841 235 2905 λεῦσαι
248 2836 344 2902 αὐτὸν
366 2837 547 2922 (Σωκράτη)
562 2837 624 2932 Ἰιιιιί
643 2835 842 2920 ἐργάσασθαι
864 2841 974 2912 λίθους
988 2837 1129 2921 (φησιν.)
1160 2842 1207 2903 De

113 2971 178 3034 quo
201 2952 270 3026 loco
292 2951 467 3034 priusquam
502 2963 670 3033 exponam,
702 2950 740 3010 le
771 2949 962 3034 philosophis
983 2949 1203 3032 peripateticis,

112 3079 242 3142 quorum
273 3079 292 3120 e
318 3078 444 3122 numero
475 3060 541 3142 ipse
570 3058 663 3122 lluris
697 3065 764 3138 est,
797 3059 935 3122 nonnihil
967 3060 1090 3122 vitietur
1111 3076 1203 3140 pree·

111 3167 301 3232 mittentium.
325 3245 327 3250 ,
357 3163 412 3232 Uti'
430 3169 551 3231 Platoni
583 3185 650 3231 oum
670 3168 837 3230 Aristotele
867 3174 993 3249 propter
1014 3167 1196 3248 placitorum

110 3275 323 3350 diversitatem
344 3278 493 3340 nonnulla
513 3261 721 3340 intercedebat
740 3277 897 3354 simultas,
931 3276 977 3344 ita
1010 3277 1097 3336 fuere
1117 3274 1219 3336 inter·

110 3385 269 3468 utriusque
290 3381 462 3475 philosophi
491 3382 679 3465 discipulos,
711 3385 762 3466 qui
780 3384 897 3448 maiore
921 3383 1021 3444 etiam
1034 3379 1148 3444 artiore
1167 3386 1210 3444 et

110 3493 225 3573 impetu
245 3492 375 3555 invicem
397 3509 465 3577 sese
488 3498 666 3572 carpereut;
686 3491 820 3554 indidem
837 3491 928 3554 etiam
948 3491 1062 3554 iactum
1082 3495 1138 3568 est,
1162 3496 1197 3552 ut

109 3603 283 3682 complures
297 3599 480 3684 philosophi,
498 3593 524 3660 e'
534 3598 638 3662 solrola
653 3597 830 3662 Aristotelis
849 3597 989 3680 proiecti,
1010 3597 1049 3659 (le
1063 3596 1195 3661 Socrate

107 3727 219 3791 parum
240 3707 372 3790 benigne
391 3709 549 3788 sentirent,
564 3722 662 3789 neque
677 3705 762 3769 illius
781 3707 885 3784 vitam,
905 3722 1016 3785 mores,
1036 3704 1120 3768 diota
1135 3707 1194 3770 tlu-

106 3816 243 3900 bitarent
262 3817 393 3898 turpiter
414 3813 602 3880 calumniari.
615 3841 631 3900 f
648 3814 713 3877 lluo
735 3813 841 3876 eotlem
858 3811 990 3893 pertinet
1009 3812 1194 3878 desooratis

109 3911 243 4008 δι’γαμίᾳ
264 3924 381 4004 fabula,
404 3943 493 4007 quam
515 3915 637 3985 omnino
656 3919 805 3999 osanne
826 3926 858 3983 et
870 3919 1054 3999 llieronymo
1070 3920 1191 3985 llhotllo

103 4033 210 4096 littam
233 4050 300 4095 esse
321 4031 423 4094 docuit
444 4049 501 4094 nos
518 4028 644 4094 Lunaeii
664 4027 825 4110 diligentia
843 4027 874 4092 in
895 4029 976 4092 libro
999 4029 1037 4092 tle
1059 4024 1191 4110 lapanofp

101 4139 246 4205 Socratis
267 4127 357 4203 nimis
376 4139 444 4202 inse
464 4137 588 4220 scripto.
629 4136 809 4218 Reperimus
830 4143 930 4201 autem
953 4137 1034 4201 inter
1048 4134 1188 4198 Socratis

101 4248 342 4314 calumniatores
380 4229 505 4331 praeter
539 4247 754 4326 llieronyrnum
786 4243 936 4314 atomon
971 4250 1002 4306 et
1043 4239 1190 4319 Satyrum
