2864 4942
543 311 761 380 ...pm

110 505 176 567 lnm
187 501 336 567 adversus
349 499 469 567 Samios
482 507 600 584 gestum
617 509 674 578 est,
695 500 898 583 psephismate
917 498 1108 581 prohihitum
1123 517 1190 562 esse

111 608 147 672 τὸ
167 609 328 694 κωμῳδεῖν
356 631 413 674 nec
441 611 605 674 verisimile
631 611 769 674 iudicans
800 609 878 672 hane
897 609 997 689 legem
1017 608 1083 678 sine
1106 609 1190 670 Peri-

111 719 168 782 ehis
190 719 372 782 auctoritate
402 725 456 782 aut
484 719 581 784 invito
603 737 639 782 eo
660 718 756 780 latam
777 733 863 794 esse,
891 732 988 797 prope
1016 715 1139 792 absum,
1157 721 1192 784 nt

105 825 395 907 suspicer-Cratini
409 828 526 890 aliusve
546 834 655 908 poetae
679 825 786 889 comici
804 825 835 888 in
856 822 1027 905 Aspasiam,
1047 829 1193 905 tanquam

110 935 187 1018 helii
210 942 381 1012 auctorem,
413 936 555 1017 impetum
572 933 788 1016 psephismate
817 951 925 996 ansam
952 931 1072 994 dedisse
1099 931 1192 1013 idque

111 1059 307 1123 provocasse.
348 1045 550 1123 Quaecunque
573 1059 647 1104 vero
669 1040 801 1104 maioris
819 1039 908 1121 origo
931 1039 980 1117 sit,
1000 1038 1194 1103 vehementer

110 1149 250 1231 equidem
268 1150 375 1227 miror,
396 1149 476 1232 quod
496 1148 683 1211 recentiores
702 1147 829 1228 pedihus
850 1146 1051 1232 inPlutarchi
1073 1153 1195 1210 senmu-

111 1257 187 1320 tiam
207 1257 308 1322 ierint.
349 1259 425 1322 Nam
440 1277 480 1320 ne
494 1258 591 1322 dicam
605 1258 750 1326 eiusmodi
764 1275 873 1322 causas
895 1276 956 1328 non
976 1255 1077 1326 solere
1100 1253 1194 1334 urigo

112 1361 313 1443 innotescere,
333 1365 466 1427 Pericles
480 1383 541 1430 non
563 1384 620 1428 sua
642 1363 824 1426 anctoritate
844 1363 955 1426 hstium
977 1359 1117 1440 suscepit,
1139 1360 1196 1422 sed

112 1469 267 1532 decretu·
294 1471 352 1534 hoe
382 1478 428 1534 est
457 1473 497 1534 ah
528 1471 671 1538 universo
692 1470 804 1552 populo
827 1469 906 1532 Plut.
928 1468 1037 1532 Pericl.
1060 1472 1111 1530 24.
1130 1470 1192 1545 25,

112 1594 201 1658 quem
228 1577 306 1640 adeo
329 1579 387 1642 uiri
408 1580 510 1664 vertis
532 1579 702 1640 audientem
723 1579 818 1640 tuisse
837 1576 972 1657 adeoque
994 1576 1078 1640 helia
1099 1567 1194 1657 appe·

111 1683 240 1763 tivisse,
267 1685 374 1756 atilli
401 1685 479 1746 haec
500 1685 641 1749 suadenti
666 1685 908 1765 obtemperaret,
936 1683 1055 1748 etiamsi
1075 1683 1195 1746 consilii

110 1800 268 1859 auctorem
284 1810 352 1854 esse
373 1799 529 1858 constaret
549 1794 701 1857 feminam
707 1793 913 1875 peregrinam,
935 1809 1012 1874 quae
1033 1798 1195 1872 praeterea

109 1903 194 1966 alias
213 1903 301 1967 sedes
321 1902 442 1983 patriae
463 1904 660 1984 praetulerat,
680 1904 840 1968 admodum
861 1901 994 1966 dubito.“
1039 1899 1076 1963 si
1097 1906 1197 1963 autem

109 2010 205 2074 Duris
225 2011 269 2074 uti
292 2009 485 2087 Thucydides
505 2013 578 2074 feeit
599 2013 699 2075 animo
718 2017 901 2093 reputasset,
921 2010 997 2076 nihil
1017 2011 1084 2083 dere
1104 2027 1124 2070 a
1141 2025 1196 2070 co·

112 2115 201 2179 micis
222 2135 282 2179 non
304 2115 413 2180 dietum
437 2135 522 2195 esse,
544 2117 624 2199 quod
647 2123 851 2198 spectatorum
870 2135 963 2180 aures
983 2117 1086 2199 aliquo
1106 2107 1200 2180 modo'

112 2229 221 2306 posset
239 2224 403 2302 delectere,
423 2222 624 2305 Aristophani
645 2225 733 2286 tidem
753 2225 954 2304 denegassem
975 2223 1028 2284 sed
1047 2222 1118 2283 odio
1142 2240 1197 2300 po·

116 2330 182 2392 tius
203 2329 429 2392 Atheniensium
450 2347 526 2390 eum
548 2336 620 2408 puto
649 2331 811 2390 adductum
834 2345 933 2406 esse,
947 2335 981 2390 ut
998 2326 1199 2408 Aristophani

110 2437 263 2502 adiiceret
284 2437 442 2516 caleulum,
464 2435 496 2498 id
517 2436 596 2518 quod
612 2437 682 2498 inde
693 2438 728 2499 tit
745 2436 905 2505 admodum
920 2434 1097 2515 ‚probabile
1114 2435 1196 2515 qnod

111 2546 196 2610 alias
209 2545 316 2624 etiam,
339 2563 415 2627 quas
440 2543 566 2606 interius
588 2545 739 2608 allaturus
767 2560 852 2622 sum,
879 2544 918 2606 ad
937 2542 1063 2605 Periclis
1084 2543 1197 2624 matam

94 2653 376 2716 contaminandam
398 2653 488 2718 tinxit
506 2653 712 2719 contumelias.

237 2759 326 2841 Apud
351 2761 521 2842 Diogenem
555 2760 710 2823 haertium
749 2759 801 2824 dih.
831 2760 867 2837 Ι,
899 2763 942 2822 89
979 2758 1074 2822 hahes
1105 2757 1197 2822 haec:

111 2863 340 2944 Κλεόβουλος,
375 2861 559 2947 Εὐαγόρου,
590 2865 736 2948 Λίνδιος,
771 2861 813 2938 ὥς
846 2865 890 2930 dh
913 2865 1050 2947 Δοῦρις,
1085 2859 1197 2945 Κάρ·,

113 2973 194 3056 quod
216 2991 257 3035 ex
277 2967 402 3052 Κάριος
431 2975 525 3038 verbo
548 2979 730 3054 corruptum
750 2991 818 3036 esse
840 2974 998 3044 admodum
1030 2974 1196 3038 verisimile

113 3088 170 3144 est.
214 3081 352 3144 hindium
373 3088 473 3146 autem
493 3083 590 3149 fuisse
606 3081 796 3170 ‘cleobulum
818 3089 851 3144 et
872 3100 912 3148 cx
935 3084 1072 3164 Diogene
1099 3084 1196 3146 haer-

113 3187 158 3252 tio
192 3194 223 3254 et
249 3207 289 3253 ex
319 3188 449 3252 aliorum
478 3193 659 3270 scriptorum
689 3190 868 3254 testimoniis
896 3196 1038 3266 constat3
1068 3189 1196 3270 primum

114 3298 196 3360 enim
225 3297 369 3360 carminis
398 3299 478 3378 apud
505 3299 671 3380 Diogenem
701 3299 856 3368 haertium
875 3297 999 3362 seruati·
1013 3303 1121 3360 auctor
1141 3315 1196 3377 ap-

113 3407 213 3488 pellat
233 3425 300 3470 eum
318 3405 477 3472 Lindiam:
503 3404 626 3468 Λιόδου
657 3404 768 3470 ναέταν
791 3397 1002 3483 Κλεόβουλον.
1044 3405 1107 3468 Νοο
1134 3423 1197 3468 nou

113 3515 289 3595 appellatur
319 3513 446 3579 Lindius
486 3514 517 3578 in
559 3515 777 3595 epigrammate
813 3515 852 3576 de
887 3513 1027 3576 laudidus
1056 3511 1195 3576 (theoduli

113 3622 301 3704 composito,
323 3623 405 3705 quod
427 3623 581 3686 nobiscum
603 3623 832 3686 communicavit
856 3621 1008 3703 Diogenes
1031 3623 1125 3702 paulo
1146 3620 1193 3684 in·

113 3729 220 3792 serim.
262 3731 297 3792 ln
322 3731 433 3794 litteris
455 3732 565 3810 etiam,
588 3748 664 3812 quas
686 3731 890 3794 adSolonem
913 3747 981 3792 enm
999 3729 1118 3792 dedisse
1139 3749 1194 3792 no-

113 3835 163 3902 his
188 3843 296 3900 anetm
328 3844 375 3901 est
400 3839 479 3902 idem
507 3839 679 3920 Diogenes,
716 3838 788 3900 iicet
823 3838 885 3900 sint
919 3838 1042 3920 spuriae
1072 3839 1193 3916 eiusque

114 3945 201 4006 claro
223 3945 337 4009 nomini
371 3947 563 4028 suppositae,
584 3947 765 4027 semetipse
795 3947 930 4010 nominat
952 3946 1099 4008 hindium.
1142 3940 1193 4004 Si·

112 4051 226 4116 militer
239 4053 352 4118 Suidas
366 4054 494 4137 denique
521 4056 641 4118 scribit:
663 4047 879 4132 Κλεόβουλος,
901 4047 1088 4132 Εὐαγόρου,
1108 4043 1192 4110 Ato-

114 4157 189 4230 ὄιος·
231 4162 337 4244 ltaque
356 4160 416 4228 hae
434 4180 551 4246 quoque
572 4164 604 4228 iu
626 4181 661 4228 re
673 4163 781 4228 Duridi
794 4164 880 4228 nulla
891 4169 938 4228 est
950 4163 1025 4228 tides
1038 4157 1189 4224 hahendo.
