2864 4942
671 319 913 400 -le-s-

242 507 427 570 Demetrium
446 508 549 581 fuisse,
571 508 670 570 ventui
691 509 842 589 gulaeque
855 513 917 570 tarn
930 506 1127 587 obedientem,
1138 509 1327 593 tut-exiguam

242 621 359 678 tantum
389 613 540 677 redituum
567 621 685 695 partem
716 615 747 676 in
766 615 891 678 militum
913 616 1065 696 stipendia
1085 623 1117 678 et
1137 618 1169 680 in
1190 617 1326 682 &vitatis

240 722 420 802 impenderit
446 722 758 798 administrationem,
787 723 840 785 sed
867 724 951 786 mille
976 731 1007 786 et
1033 724 1167 788 ducenta
1196 727 1325 804 talenta,

241 847 327 911 quae·
339 831 501 912 quotannis
521 832 550 892 ei
573 831 718 911 redirent,
740 847 797 910 pro
820 831 912 892 insita
928 831 989 894 sibi
1003 818 1326 914 intenperanuaprc-

237 935 363 1010 tudens,
403 938 506 1019 Neque
529 938 629 1018 magis
656 943 689 999 ut
719 937 793 1000 istis.
807 937 988 1000 testimoniis
1012 939 1200 1016 diffidamus,
1225 938 1324 1016 cary-

238 1043 314 1106 stius
334 1051 513 1126 nos‘potest
534 1043 703 1122 adducere,
729 1043 782 1125 qul
801 1043 880 1106 idem
901 1046 968 1106 iere
992 1025 1073 1127 quod
1092 1045 1190 1108 Duris·
1205 1051 1325 1122 narrat,

240 1150 291 1213 uir
312 1151 455 1214 incertae,
472 1152 584 1213 aetatis
612 1157 643 1212 et
663 1150 752 1228 lidei,
773 1150 824 1232 qui
844 1155 878 1212 ut
899 1168 946 1214 ex.
959 1151 999 1216 iis
1018 1159 1121 1229 certe,
1143 1169 1221 1234 quae
1240 1152 1328 1232 apud

238 1257 429 1323 Athenaeum
452 1265 576 1321 exstant
591 1258 785 1338 magnentis,
806 1258 962 1338 cernitur,
989 1258 1211 1328 inlevissimis
1232 1259 1329 1348 rebus

212 1366 464 1429 conscribendis
492 1385 616 1448 operam
648 1385 733 1430 suom
764 1365 940 1434 consumsit
990 1365 1193 1430 Schlosserus·
1220 1352 1338 1446 ctiam*

237 1489 419 1555 quamquam
440 1475 561 1537 nimium
584 1474 698 1537 Duridi·
715 1479 746 1536 ct
766 1471 909 1550 Carystio
929 1455 1046 1553 tribuit,
1067 1475 1202 1538 deillius
1220 1481 1329 1538 temen

237 1581 419 1644 testimonio¹
432 1582 489 1644 boc
511 1583 689 1662 profitetur:
718 1581 794 1660 „Die
806 1581 1012 1656 Machrichten
1032 1582 1162 1644 und-die
1182 1582 1326 1660 Ansicht,

238 1689 355 1750 welche
376 1689 431 1751 der
446 1689 744 1753 SamierDurisuon
760 1690 873 1752 diesem
889 1689 1067 1753 herdhmtcn
1079 1691 1214 1754 Athener
1228 1691 1328 1772 gicht,

236 1797 299 1860 den
313 1815 347 1859 er
360 1817 437 1878 gcrn
452 1798 636 1876 herabselat,
656 1799 760 1870 lusson
778 1797 842 1860 sich
858 1798 977 1862 ireilich
993 1799 1203 1862 hcaweilcln.“
1236 1802 1328 1875 Quae

237 1903 361 1966 Doridis
388 1904 625 1967 inDcmetrium
647 1903 864 1968 malevolentia
891 1905 971 1968 unde
991 1912 1067 1972 nata
1087 1906 1142 1986 sit,
1158 1925 1327 1986 possumus

236 2013 371 2072 fortasse
401 2011 575 2073 coniectura
599 2011 730 2093 assequi.
772 2010 872 2095 Atque
890 2011 1112 2078 stomachatum
1141 2031 1210 2076 esse
1229 2014 1328 2078 Duri·-

236 2117 305 2178 dem
330 2116 564 2180 Atheniensibus
595 2126 627 2180 et
647 2119 778 2182 vidimus
798 2127 836 2182 et
856 2120 1042 2197 uidebimus3
1067 2127 1226 2202 postquam
1247 2139 1326 2185 uero

239 2224 465 2290 Atheniensium
487 2225 600 2310 civitas
621 2227 767 2291 oenctni
787 2227 984 2292 dominationi
1005 2234 1052 2290 est
1072 2229 1227 2307 subiecta,
1248 2247 1325 2292 con-

237 2350 359 2395 uersum
380 2333 440 2396 iam
462 2331 580 2396 esseio
601 2334 786 2398 Demetrium
808 2335 1011 2400 istudodium
1031 2353 1067 2398 co
1081 2336 1326 2418 faciliussuspi.

239 2448 326 2504 catus
355 2443 467 2520 fueris,
493 2441 574 2523 quod
603 2441 683 2506 hunc
702 2461 793 2524 quum
814 2445 960 2506 librorum
980 2445 1175 2506 multitudine
1188 2462 1231 2508 oc
1248 2463 1328 2506 uer·

239 2568 328 2613 sunm
348 2569 471 2612 numero
494 2567 598 2612 omnes
621 2551 688 2612 fere
710 2551 759 2612 sui
788 2551 934 2630 temporis
954 2551 1171 2632 Peripateticos
1193 2569 1327 2631 supera-

241 2663 291 2720 ret
303 2657 492 2739 omniumque
513 2663 595 2718 essct
609 2638 801 2719 doctissimus
817 2662 849 2719 ct
861 2657 1073 2738 peritissimus,
1091 2656 1238 2720 facillime
1251 2677 1329 2720 con-

243 2771 419 2829 senectam
439 2769 486 2828 est
510 2763 777 2828 novissemus
798 2763 953 2828 innatam.
995 2747 1330 2843 contumacem.

238 2870 317 2934 ridie
347 2873 446 2934 frater
475 2870 641 2934 certamine
668 2889 735 2934 cum
754 2863 945 2944 Menandro,
975 2872 1173 2936 celeberrimo
1194 2873 1249 2934 illo
1270 2891 1327 2934 cu-

240 2979 427 3042 moediarum
441 2978 619 3058 scriptore,
640 2979 715 3076 inito
750 2980 849 3042 uictor
883 2979 997 3061 prodiit
1028 2977 1152 3058 (Athen.
1186 2981 1266 3042 Vlll.
1290 2999 1325 3060 p.

239 3085 401 3164 338.D.);
422 3103 482 3166 qua
504 3085 634 3150 victoria
655 3086 800 3150 offensum
809 3086 1008 3150 Menandrum
1031 3067 1328 3167 mceua'argutiis.

239 3211 298 3277 que
324 3200 489 3258 scatentem
521 3193 640 3256 minime
668 3195 841 3276 pepercisse
860 3194 1007 3271 Dynceo,
1033 3193 1152 3258 misello
1182 3194 1235 3256 isti
1264 3213 1326 3272 yn.

238 3293 396 3384 ςρολόγῳ,
431 3301 485 3364 sed
516 3301 583 3364 sale
613 3321 668 3364 suo
703 3321 771 3366 eum
805 3302 1022 3384 perstrinxisse
1054 3303 1146 3366 facile
1178 3301 1323 3364 coniece-

243 3409 305 3487 ris,
333 3411 379 3472 ita
408 3415 443 3471 ut
473 3409 611 3474 simultas
642 3409 722 3472 inter
737 3411 905 3488 xlayncemn
923 3411 1126 3490 Duridemque
1146 3411 1328 3474 fratremet

234 3515 438 3580 Menandrum
462 3518 635 3581 necessario
656 3519 870 3585 intercederet.
912 3518 1005 3600 Atqui
1026 3517 1197 3580 Menander
1214 3516 1326 3579 amns.

239 3621 316 3685 simo
348 3625 500 3688 amicitiae
536 3625 657 3688 vinculo
686 3642 753 3690 cum
769 3625 935 3689 ¹Demetrio
965 3625 1114 3688 Phalereo
1146 3624 1325 3686 coniunctus

240 3736 326 3808 ernt3
353 3732 424 3813 quid
456 3732 551 3814 igitur
571 3733 630 3796 iam
654 3735 776 3804 lucilius
795 3735 894 3814 potuit
912 3733 997 3812 lieri,
1018 3750 1107 3814 quam
1126 3738 1159 3793 ut
1178 3731 1272 3794 Duris
1290 3736 1326 3794 ct

237 3839 379 3915 Lynceus
413 3838 619 3904 irascerentur
648 3842 818 3906 Menandro
841 3843 980 3924 eiusque·
996 3847 1127 3920 patrono
1156 3837 1324 3910 Demetrio.

245 3947 332 4026 Quod
355 3951 462 4027 postea
477 3945 678 4013 Athenienses
698 3949 855 4032 imperium
875 3948 1022 4015 Demetrii
1038 3954 1221 4012 accusarunt
1241 3945 1324 4011 iniu-

238 4055 351 4133 stitiae,
367 4054 436 4135 quis
460 4057 557 4118 nescit
576 4057 732 4138 inimicos,
752 4076 829 4139 quos
847 4059 995 4138 plurimos
1020 4073 1089 4120 eum
1109 4053 1252 4120 hahuisse
1270 4053 1324 4116 vel

237 4162 363 4226 exiliis
392 4161 513 4230 Aeliani
535 4165 637 4230 uerbis
660 4165 817 4244 discimus,
842 4166 945 4250 magis
966 4165 1057 4230 etiam
1077 4163 1199 4229 saeuire
1219 4161 1251 4224 in
1271 4179 1324 4229 re·
