2864 4942
555 364 773 431 ..5.-

127 551 290 629 ronyasim
329 551 532 632 significatum
569 570 637 616 osse
669 557 845 614 statuamus.
910 553 996 626 Quae
1027 560 1093 614 cunr
1126 553 1207 608 recte

127 658 304 740 disputabat
321 647 535 734 Tscbiroenrs,
559 659 755 736 (Panyasidis
767 657 994 724 Halicarnasscl
1014 655 1211 716 Heracleadis

128 769 312 848 fragmenta.
338 765 869 844 thislaviacmucccxxxxu),
891 766 933 827 dc·
948 781 1054 826 errore
1077 762 1209 843 cogitari

132 891 194 934 non
218 893 307 954 posse
327 873 455 955 putabat
479 881 644 955 propterea
664 874 744 956 quod
767 873 868 948 Dums,
888 872 939 955 qui
959 871 1108 951 cumipse
1129 875 1211 932 essct

128 978 250 1043 Samius
270 989 301 1042 et
320 981 358 1042 de
377 979 549 1057 Panyaside
581 979 661 1044 haud
683 980 772 1044 dubie
794 981 828 1042 in
847 978 1022 1042 Samiorum
1041 977 1211 1040 Annalibus

78 1125 82 1135 ·
129 1087 298 1163 scriberet,
321 1087 392 1170 quid
412 1105 517 1151 verum
538 1094 635 1161 esset,
656 1088 782 1170 reliquis
803 1085 1002 1168 scriptoribus
1022 1085 1143 1148 facilins
1164 1084 1211 1146 in-

128 1195 236 1257 venire
255 1203 376 1276 posset,
397 1196 497 1259 errori
527 1198 612 1262 nullo
635 1198 724 1260 modo
747 1197 854 1259 fuisset
877 1194 1037 1257 obnoxius.
1079 1192 1211 1254 Primum

129 1307 231 1364 autem
259 1302 396 1366 incuriae
427 1303 615 1366 accusandus
642 1310 691 1366 est
710 1303 931 1376 Tsclnirncrus,
961 1301 1041 1382 quood
1068 1300 1101 1362 io
1122 1299 1211 1361 unius

129 1406 295 1473 ciceronis·
308 1410 482 1472 delbnride
505 1411 615 1474 iudicio
636 1410 826 1488 subsistens,
848 1408 1005 1472 Plutarchi
1025 1408 1212 1488 aliorumque

128 1515 310 1579 auctoritate
328 1535 456 1597 prorsus
477 1521 636 1600 neglecta,
657 1519 743 1579 illum
764 1523 827 1580 mm
849 1533 977 1597 gravem
997 1519 1085 1595 putat
1107 1520 1211 1577 aucto-

128 1641 214 1700 rem,
235 1630 268 1688 ut
289 1625 327 1686 de
350 1643 456 1688 errore
475 1627 607 1708 cogitari
638 1625 759 1688 omnino
779 1629 918 1705 nequeat.
962 1603 1211 1704 ltaqnelluridis

129 1731 332 1794 testimoninm
353 1719 492 1794 co'ntortu
511 1739 541 1798 et
560 1733 740 1814 quodiusto
762 1731 958 1794 fundamento
978 1749 1105 1812 prorsus
1127 1735 1214 1792 curet

128 1837 259 1905 artificio
281 1839 320 1903 ab
341 1841 421 1904 omni
442 1842 603 1904 commenti
631 1840 803 1921 suspicione
833 1839 913 1902 tucri
934 1838 1057 1902 studuit.
1100 1836 1215 1901 coom-
1257 1876 1261 1884 »

129 1944 212 2016 disse
234 1946 312 2010 enim
331 1931 477 2025 Snidam,
512 1949 563 2030 qni
593 1947 672 2011 alius
703 1947 794 2010 etlam
814 1943 999 2033 Panyasidis
1031 1944 1212 2011 mentionem

128 2053 208 2117 lacit
226 2047 426 2132 (Πανύασις,
442 2045 726 2132 Ἁλικαρνασσεύς,
748 2044 905 2129 νεώτερος,
927 2042 1119 2130 φιλόσοφος,
1143 2049 1217 2126 περὶ
1306 2049 1310 2057 ’

132 2153 264 2238 o’oariocoy
285 2159 392 2238 βιβλία
406 2153 462 2242 tl),
483 2162 609 2228 duorum
633 2162 739 2224 borum
747 2159 951 2238 Panyasidum
965 2159 1095 2230 ‚nomina
1117 2164 1213 2238 putat,

127 2266 175 2330 ita
210 2273 266 2344 ut,
299 2287 366 2330 cnm
390 2269 572 2345 Panyasidis
607 2269 789 2334 mentionem
816 2267 972 2332 alturide
991 2267 1104 2328 factoro
1130 2265 1215 2345 lego-

129 2378 190 2450 rel,
212 2372 249 2433 de
265 2365 436 2448 Panyaside
458 2381 549 2454 poeta
571 2376 848 2438 etllulioarnasseo
872 2391 1041 2436 sermonem
1063 2391 1130 2436 esse
1148 2390 1215 2434 cre-

127 2479 224 2542 deret
266 2477 330 2542 Sed
352 2496 441 2561 quum
465 2487 496 2544 et
525 2481 591 2562 ipse
611 2482 724 2545 Suidas
747 2490 778 2544 et
797 2482 1024 2560 Artemidorus,
1054 2480 1105 2562 qni
1124 2461 1215 2546 ctiam

131 2585 343 2668 philosophum
366 2588 492 2678 tradant
514 2589 609 2652 fuisse
630 2590 911 2665 Halicarnassum,
933 2589 1082 2654 exsistant
1106 2593 1214 2652 contra

131 2693 278 2756 Doridem
299 2701 412 2772 testes,
425 2695 470 2760 ita
493 2715 527 2760 se
542 2716 559 2758 c
574 2698 753 2760 difficultate
767 2696 920 2775 subduxit,
943 2702 978 2758 ut
992 2695 1044 2778 qni
1057 2702 1127 2757 ortu
1142 2695 1217 2757 lois-

129 2806 179 2864 set
204 2799 457 2892 Halicarnasseus
482 2804 610 2869 cundem
644 2813 770 2887 propter
799 2803 1016 2868 habitationem
1045 2802 1135 2866 mam
1154 2799 1214 2866 Su-

90 2925 92 2929 ·
128 2908 222 2971 mium
241 2910 377 3000 potuisse
399 2912 506 3002 vocari
534 2913 714 2993 disputaret.
764 2913 828 2976 Sed
859 2913 932 2992 licet
951 2909 1064 2977 Suidas
1093 2909 1215 2990 saepius

130 3016 264 3079 eiusdem
285 3017 416 3080 nominis
435 3019 605 3101 scriptores
625 3021 814 3101 confuderit,
843 3027 946 3083 tamen
967 3019 1016 3082 bic
1036 3019 1075 3080 de
1096 3029 1258 3099 permu-‘¹

130 3124 246 3188 tatione
266 3144 355 3194 uerno
375 3127 468 3192 facile
488 3128 680 3210 cogitaverit,
702 3146 792 3212 quum
812 3131 923 3208 optime
945 3147 964 3190 a
984 3126 1081 3190 suida
1104 3125 1213 3192 distin.

130 3237 212 3294 ctum
231 3250 299 3294 esse
318 3239 476 3316 utrumque
497 3236 679 3313 Panyaslm,
701 3255 719 3298 e
741 3237 866 3298 disertis
886 3235 970 3298 illius
994 3233 1097 3298 verbis
1118 3251 1214 3313 appa-

21 3359 25 3370 ’
130 3343 221 3400 ruat:
241 3337 420 3418 Πανύασις,
442 3337 597 3420 νεώτερος,
618 3337 804 3424 φιλόσοφος.
846 3343 888 3409 At
909 3341 997 3404 islam
1018 3337 1215 3419 pernotatio-

130 3461 199 3508 nem
218 3462 328 3525 reapse
350 3464 417 3518 csse
437 3466 457 3510 a
479 3447 578 3512 Suida
598 3452 721 3527 factam,
742 3469 782 3514 ex
804 3450 916 3522 verbo,
937 3445 1016 3528 qnod
1040 3445 1151 3508 adiecit
1171 3447 1212 3510 ad

132 3551 313 3630 Panyasldis
336 3561 447 3634 poetae
462 3573 581 3633 nomen,
595 3564 735 3638 apparot,
748 3548 974 3635 τερατοσκόπος
988 3550 1214 3634 (prodigiorum

131 3662 306 3741 speculator
326 3667 417 3744 atque
438 3662 626 3745 interpres),
660 3664 884 3746 quodquidam
914 3661 1092 3732 attributum
1111 3661 1212 3741 magis

132 3763 254 3827 videtur
274 3767 305 3828 ln
326 3767 499 3851 pbilosopbi
520 3776 660 3834 naturam
682 3772 871 3846 convenire,
904 3769 957 3851 qni
980 3769 1060 3834 idem
1079 3770 1156 3833 duos
1175 3773 1214 3834 de

132 3873 257 3936 somniis
278 3874 374 3938 libros
395 3879 554 3960 scripsisse
576 3880 718 3944 traditur.
772 3879 832 3942 Sed
867 3880 1009 3961 quonlam,
1028 3896 1089 3941 nou
1109 3897 1215 3958 possu-

132 3994 198 4038 mus
217 3979 306 4042 nobis
333 3983 544 4064 persuadere,
574 3983 718 4061 Suidam,
750 3985 800 4068 qui
833 3986 910 4048 duos
930 4004 996 4048 csse
1029 3985 1215 4060 Panyasldes

130 4081 212 4146 iuter
246 4103 279 4146 se
307 4087 538 4170 distinguendos
569 4110 627 4156 nos
657 4092 722 4172 lpse
752 4093 896 4173 edoceat,
928 4112 1056 4174 quorum
1077 4092 1158 4153 alter
1181 4099 1214 4154 et

133 4195 234 4254 aetate
253 4193 351 4258 maior
372 4200 403 4256 et
422 4203 536 4280 poeta,
564 4200 693 4274 alteret
711 4199 810 4266 minor
830 4206 933 4264 aetate
953 4207 988 4264 et.
1003 4197 1213 4281 pbilosopbus,
