2864 4942
229 1544 353 1636 Quum
379 1545 564 1618 Ritschelii
591 1547 804 1618 atretoritate
832 1559 868 1619 et
881 1547 1060 1644 'atrapiciis
1075 1544 1222 1618 Duridis

124 1667 239 1743 Samii
253 1669 452 1768 fragmenta
466 1671 647 1766 colligere,
672 1671 822 1743 collecta
844 1671 1021 1746 illustrare
1045 1669 1220 1742 instituis-

124 1816 204 1862 sem
231 1816 420 1889 essemque
446 1793 485 1862 in
511 1816 555 1884 eo
573 1793 659 1887 iam,
683 1807 724 1864 ut
741 1819 834 1890 opus
852 1792 899 1866 ad
913 1793 1127 1866 umbilicum
1153 1790 1219 1864 ad·

124 1913 319 1987 ducerem:
346 1898 470 1986 allatus
484 1917 585 1988 mihi·
603 1929 658 1987 est
678 1931 762 1988 ante
788 1917 854 1988 has
876 1931 951 1990 tres
965 1914 1220 1989 hebdomades

121 2038 354 2110 Hullemarmi
374 2038 481 2132 liber,
493 2037 656 2114 Doridis
674 2065 769 2140 quae
780 2054 991 2140 supersunt,
1014 2040 1221 2136 inscriptus,

121 2173 227 2233 tauta
263 2162 322 2234 ille
361 2161 513 2258 quidem
544 2161 729 2260 diligentia
762 2188 805 2236 ac
829 2162 1017 2256 doctriua,
1043 2162 1217 2235 adhibitis

120 2297 183 2354 tot
207 2284 376 2357 subsidiis
401 2286 626 2379 elaboratus,
659 2301 701 2358 ut
729 2286 888 2383 quaein
914 2284 1061 2357 Duridis
1084 2285 1157 2356 vita
1183 2298 1220 2356 et

121 2408 334 2504 fragmentis
356 2408 575 2480 illustrandis
602 2433 685 2479 mea
715 2410 788 2479 iam
818 2407 985 2477 effecerat
1009 2408 1218 2502 qualiscun-

121 2555 200 2628 que
224 2531 419 2625 industria,
443 2557 569 2604 eorum
594 2531 668 2604 lere
695 2530 861 2602 omnium
886 2529 1031 2601 laudem
1056 2529 1218 2602 viderem

123 2669 464 2752 praeoccupatam·
497 2656 569 2726 lam
601 2679 687 2728 vero
716 2677 798 2724 cum
833 2654 911 2723 viro
938 2650 1150 2724 doctissimo
1176 2667 1217 2724 ut

121 2779 315 2850 consentio
351 2780 389 2850 in
423 2777 602 2874 capitibus
627 2777 810 2873 plurimis,
835 2776 885 2848 ita
910 2777 949 2846 in
970 2775 1044 2848 fide
1070 2775 1217 2847 Duridis

121 2900 361 2972 diiudicanda
386 2900 478 2972 adeo
506 2900 701 2994 dissentio,
732 2914 773 2976 ut
803 2925 845 2972 ea
867 2902 906 2974 in
931 2926 970 2972 re
997 2899 1217 2997 exploranda
1242 2999 1243 3002 Ἴ

122 3025 278 3097 minime
303 3025 394 3096 mihi
413 3050 495 3096 cum
521 3025 594 3097 acri
614 3024 750 3097 iudicio
769 3049 811 3096 ac
829 3024 1017 3097 severitate
1036 3049 1112 3096 esse
1133 3050 1215 3097 ver-

120 3162 220 3220 satus
254 3148 313 3218 ille
345 3145 635 3246 opinionemque
671 3148 718 3221 de
752 3173 794 3220 ea
829 3147 1021 3222 mirificam
1052 3171 1138 3218 saue
1170 3173 1213 3219 ac

118 3296 270 3368 prorsus
296 3295 317 3342 a
341 3274 490 3342 veritate
514 3274 669 3344 alienam
686 3255 873 3343 imbibisse
897 3271 1072 3342 rideatur.
1121 3271 1211 3344 Nam

121 3394 230 3492 quod
251 3394 293 3466 lit
317 3418 594 3491 saepenumero,
617 3409 785 3493 utquam
801 3396 883 3492 quis
898 3395 967 3465 sibi
981 3394 1211 3490 potissimum

122 3519 339 3614 scriptorem
364 3517 593 3590 tractandum
619 3520 865 3614 proposuerit,
890 3518 966 3589 eius
987 3518 1065 3614 ipse
1087 3531 1212 3614 patro·

123 3641 260 3714 oinium
280 3642 382 3738 quasi
404 3640 593 3738 quoddam
616 3643 798 3738 suscipiat,
823 3640 863 3711 id
882 3641 1003 3712 nescio
1025 3665 1071 3711 au
1092 3639 1211 3713 dicam

121 3765 193 3861 ipsi
219 3766 327 3837 etiam
348 3764 588 3837 Hullemanno
608 3765 794 3859 accidisse,
821 3764 886 3861 qui
911 3788 1032 3836 rerum
1057 3765 1213 3862 scripto·

123 3913 204 3961 rem
230 3913 328 3981 eum,
355 3913 466 3984 quem
486 3875 699 3962 Plutarchus
715 3888 858 3962 disertis
882 3888 1011 3959 verbis.
1027 3887 1116 3960 dicit
1137 3880 1212 3956 οὔδ’

123 4005 218 4082 ὅπου
255 4007 368 4105 μηδὲν
401 4015 501 4106 αὐτῷ
530 4012 734 4111 πρόσεστιν
759 4007 861 4098 ,ἴδιον
896 4012 1017 4092 πάθος
1053 4007 1214 4100 εἰωθότα

123 4141 274 4230 κρατεῖν
299 4135 367 4215 τὴν
393 4129 557 4221 διήγησιν
570 4136 629 4207 ἐπὶ
647 4143 711 4218 τῆς
734 4133 921 4221 ἀληθείας,
948 4137 993 4207 ab
1010 4133 1111 4205 omni
1133 4157 1213 4205 ma-

121 4261 283 4332 cularum
317 4258 397 4332 labe
432 4285 585 4360 purgare
619 4260 766 4332 studuit.
828 4260 948 4351 Quem
981 4255 1131 4355 quidem
1165 4257 1213 4329 de
