2864 4942
513 309 757 434 ..154

93 559 200 622 ordine
222 556 354 620 dilucido
373 553 540 636 disposita,
572 570 650 636 quae
682 553 722 618 ad
751 552 866 616 aetatis·
885 550 1013 615 alicuius
1039 551 1172 616 indolem

92 687 129 730 ac
147 667 332 748 peculiarem
346 670 488 728 naturam
501 663 715 730 illustrandam
735 666 767 724 et
788 661 962 723 necessaria
975 662 1049 722 sunt
1060 666 1091 720 et
1106 662 1173 722 sui-

91 749 203 852 ficiunt,
225 773 277 836 sed
292 779 326 835 ut
349 771 456 834 variae
476 771 643 851 largaeque
659 769 815 832 doctrinae
830 786 905 850 prae
920 787 953 830 se
969 769 1086 830 ferrent
1107 777 1177 849 spcss

92 880 176 942 ciem.
214 878 278 955 -Qui
307 876 504 939 Aristotelem
536 880 567 935 et
594 875 836 955 Theophrastum
866 882 1051 954 exceperunt
1076 893 1177 938 rerum

90 987 266 1069 scriptores,
286 983 526 1060 Dicaearchum,
538 980 686 1044 Phaniam
699 981 848 1059 hlresium,
866 981 1080 1061 Hieronymum
1092 975 1176 1047 liho-

41 1159 42 1162 ,
90 1096 182 1173 dium,
204 1093 372 1172 Satyrum,
391 1093 595 1174 Hermippum,
618 1089 797 1178 clearchum
819 1090 996 1176 Solensem,
1019 1091 1098 1154 alios
1120 1091 1177 1153 im-

88 1221 213 1266 mensae
232 1201 476 1264 fercdoctriuae
499 1199 632 1281 gloriam
656 1198 818 1261 allectasse
839 1205 870 1262 et
887 1198 1107 1279 edragmcntis
1128 1198 1177 1260 di-

88 1309 335 1374 versissimarum
353 1327 455 1371 rerum
475 1308 639 1389 farragine
658 1306 762 1370 mixtis
781 1312 812 1368 et
831 1325 871 1369 ex
892 1307 1117 1389 deperditomm
1136 1306 1177 1370 li·

88 1421 215 1484 hrorum
235 1419 332 1484 titulis
356 1417 560 1501 cognoscitur.
594 1420 660 1493 Quo
683 1412 901 1491 uoiopadeiec
911 1413 1011 1478 studio
1032 1432 1176 1476 necessa-

77 1631 204 1708 ,cionem
232 1631 331 1692 lotum
358 1647 420 1692 non
448 1628 542 1690 hahet
560 1645 658 1709 neque
681 1625 739 1691 uisi
759 1645 777 1688 e
795 1626 953 1688 doctrinae
973 1615 1175 1692 ostentamine

87 1738 189 1801 studio
202 1735 414 1817 proficiscitur,
438 1735 514 1796 nihil
535 1739 635 1815 potest
656 1751 722 1794 esse
744 1733 911 1796 molestius.
948 1732 1073 1797 lluridis
1095 1752 1174 1818 quo-

88 1863 148 1930 que
173 1843 320 1908 historias
340 1842 505 1924 praecipua
526 1841 749 1923 digressionum
770 1827 950 1923 frequentia·
963 1843 1124 1906 lahorasse
1145 1848 1176 1904 et

87 1953 205 2016 diserto
226 1950 366 2028 Dionysii
394 1949 621 2013 Halicarnassei
644 1949 681 2010 de
702 1967 797 2030 comp.
818 1955 869 2014 30.
901 1950 1074 2014 testimonio
1100 1955 1131 2012 et
1159 1967 1176 2012 e

87 2063 332 2140 fragmentorum
366 2065 558 2124 servatorum
586 2056 761 2119 conditione
793 2057 945 2121 discimus.
987 2059 1177 2140 Fragmenta

86 2167 170 2230 enim
191 2165 372 2246 exscriptis
392 2165 457 2227 eius
478 2163 630 2228 historicis
652 2158 812 2246 depromta
832 2165 923 2227 rebus
945 2165 1175 2247 mythologicis,

86 2271 220 2350 musicis,
242 2272 459 2354 grammaticis,
483 2271 694 2352 etymologicis
710 2262 877 2352 reperimus
889 2274 1015 2335 referta.
1048 2271 1177 2336 lucessit

86 2381 181 2444 etiam
202 2397 273 2442 cum,
284 2379 433 2440 historiae
443 2395 547 2440 amore
559 2379 681 2439 omniuo
700 2396 751 2439 res
773 2396 880 2457 novas,
900 2378 1066 2454 mirabiles,
1088 2379 1177 2441 inau-

86 2485 326 2574 ditasltradendi
338 2485 489 2562 studium3
512 2485 591 2566 quod
602 2469 709 2548 mirum
721 2482 776 2548 tihi
789 2503 850 2547 noo
866 2481 1027 2564 videbitur,
1040 2486 1066 2548 si
1081 2504 1172 2548 unam
1280 2511 1285 2520 ·

87 2596 275 2678 eandemque
289 2594 450 2657 materiam
465 2594 620 2675 repereris
635 2612 657 2656 a
671 2592 823 2656 sexcentis
834 2593 1033 2675 scriptoribus
1045 2593 1176 2676 occupa-

86 2711 162 2783 tam,
172 2703 217 2766 ita
233 2709 267 2764 ut
279 2703 371 2765 aliter
383 2702 450 2764 lieri
464 2721 524 2764 non
536 2701 677 2783 potuerit,
693 2703 1059 2782 atqueutalteraltccum
1072 2721 1176 2766 rerum
1195 2693 1199 2700 ’

87 2809 314 2875 narrandarum
326 2809 553 2872 etiucunditate
561 2796 736 2872 ctnovitate'
744 2810 837 2873 vellet
845 2815 1001 2892 superare.
1024 2813 1072 2874 lta
1083 2811 1174 2875 etiarn
1235 2817 1236 2822 ’

88 2919 186 2982 lluris
205 2917 330 2997 lahulis,
352 2904 444 2980 rebus
457 2916 554 2979 ,novis
565 2917 769 2999 inauditisque
790 2924 820 2980 et
838 2919 917 3002 quod
929 2919 1092 3001 praecipue
1112 2899 1177 2986 eius

89 3025 246 3108 proprium
258 3031 314 3104 est,
335 3025 427 3088 rebus
439 3024 603 3088 levissimis
619 3031 650 3086 et
665 3024 784 3106 pusillis
799 3026 922 3105 studuit,
944 3027 1024 3107 quod
1039 3046 1100 3089 non
1119 3027 1176 3089 de-

89 3134 186 3197 hehet
194 3133 415 3196 llullemannus
424 3132 540 3196 infitias
560 3133 616 3198 ire.
651 3137 748 3210 Quam
766 3129 806 3197 ad
820 3133 1086 3215 rem-probandam
1108 3137 1175 3198 ira-

89 3243 216 3320 gmenta
236 3255 276 3300 ox
296 3235 426 3300 historia
445 3238 483 3301 de
500 3238 672 3318 Agathocle
700 3239 859 3320 depromta
875 3239 962 3302 lubet
984 3259 1173 3322 percensere.

90 3347 206 3408 morum
227 3349 348 3423 autem,
379 3361 458 3430 quac
478 3362 519 3407 ex
537 3343 718 3425 Agathoclis
738 3345 868 3410 historia
887 3352 1069 3428 supersunt,
1091 3347 1187 3410 *duo-⁴

91 3454 190 3518 decim
209 3453 453 3535 fragmentorum
473 3457 589 3533 septem
610 3459 690 3532 sunt,
713 3470 792 3534 quae
811 3454 896 3515 nullo
916 3455 1036 3518 omnino
1059 3474 1127 3526 cum,
1141 3473 1176 3519 re

92 3561 257 3625 tractanda
279 3547 473 3625 eontinentur
497 3577 589 3624 nexu.
631 3563 716 3636 Quae
730 3563 772 3625 ad
793 3564 899 3646 quales
920 3581 971 3625 res
992 3564 1177 3645 pertineant,

92 3669 212 3733 videas.
254 3668 442 3732 insecundo
477 3669 515 3730 de
544 3667 635 3730 rehus
657 3665 837 3749 Agathoclis
865 3668 946 3731 lihro
966 3668 1005 3731 de
1026 3669 1101 3734 tibia
1123 3689 1179 3736 ex·
1222 3715 1225 3722 ·

92 3776 181 3858 ponit
200 3774 293 3838 Duris
313 3795 334 3839 a
354 3776 453 3858 poetis
473 3781 639 3858 propterea
657 3784 768 3841 vocata
795 3777 921 3856 lihyea,
955 3779 1035 3860 quod
1057 3777 1178 3857 siries,

93 3883 146 3966 qui
167 3883 283 3965 primus
305 3885 501 3964 perhibeatur
527 3884 680 3948 iuvenisse
699 3885 782 3948 tibiis
801 3885 930 3950 canendi
950 3893 1064 3966 artem,
1085 3881 1179 3950 hierit

92 3991 226 4068 hihycus
248 4009 266 4053 e
285 3991 488 4071 ltlomadihus;
517 3976 569 4074 qui
589 3993 669 4056 idem
690 3994 827 4057 carmina
847 3994 880 4058 iu
898 3995 1029 4059 hlairem
1052 3994 1179 4057 deorum

93 4083 210 4184 primus
237 4099 398 4164 cecinerit:
441 4101 473 4164 in
503 4102 609 4164 eodem
635 4101 716 4164 libro
744 4102 896 4167 uberrime
926 4104 964 4165 de
985 4101 1091 4166 hemia
1113 4101 1179 4166 lovi

94 4207 194 4272 mista
216 4213 247 4270 et
261 4217 295 4272 ιι
314 4209 427 4274 lunone
458 4209 622 4276 liberorum
655 4228 729 4274 nece
750 4210 880 4294 punita3
912 4213 943 4276 in
969 4216 1078 4294 quarto
1099 4209 1179 4274 lihro
