2864 4942
205 1215 271 1290 Quo
286 1215 385 1297 magis
407 1215 438 1278 io
455 1214 584 1279 obscuro
606 1217 654 1278 est
670 1212 832 1294 scriptoris
852 1213 981 1277 alicuius
1002 1212 1066 1276 vita
1086 1229 1206 1294 quoque

119 1319 268 1400 pauciora
297 1323 407 1386 relicta
434 1328 505 1385 sunt
532 1320 693 1384 librorum
709 1319 933 1401 deperditarum
955 1323 1148 1401 fragmenta,
1170 1339 1207 1382 eo

120 1427 241 1492 enixius
256 1430 295 1492 ab
310 1431 391 1494 omui
405 1436 494 1511 parte
510 1444 703 1511 quaecuuque
722 1433 846 1490 exstant
865 1423 1105 1508 pervestiganda
1127 1435 1207 1507 sunt,

119 1535 149 1598 si
169 1537 238 1618 quid
267 1538 346 1618 inde,
367 1559 407 1602 ne
426 1539 459 1602 iu
483 1539 558 1600 solis
578 1535 914 1616 veterum-scriptorum
927 1536 1045 1599 iudiciis
1060 1554 1208 1617 cogamur

119 1645 333 1726 acquiescere,
358 1617 402 1710 ad
435 1647 525 1710 fidem
547 1645 611 1708 eius
626 1643 851 1709 diiudicandam
871 1643 970 1724 poscit
990 1642 1065 1706 enai.
1108 1643 1209 1724 Atque

121 1749 181 1812 bac
201 1753 323 1832 quidem
345 1753 377 1813 in
397 1769 432 1813 re
453 1768 531 1833 quac
551 1751 823 1832 singula'lluridis
847 1751 937 1814 fidem
964 1753 1140 1832 fragmenta
1162 1752 1210 1814 vi-

120 1858 252 1920 deantur
273 1865 411 1920 everterc
433 1879 471 1922 ac
493 1858 701 1934 labefactare,
727 1877 764 1922 ea
785 1859 1022 1934 llullemanuus‚
1049 1877 1111 1922 non
1139 1859 1209 1940 qui·-

121 1965 191 2026 dcm
217 1966 433 2050 interpretatus
461 1973 509 2028 est
537 1967 705 2029 contortius
726 1971 818 2048 atque
841 1966 1055 2044 artificiosius„
1084 1967 1139 2028 sed
1169 1967 1209 2030 ad

121 2071 212 2140 fidem
231 2074 357 2136 [luridis
387 2075 627 2138 constituendam
647 2075 717 2156 quid
743 2076 783 2137 sit
810 2077 880 2138 inde
903 2074 1078 2138 necessario
1099 2093 1210 2143 conse-

122 2197 228 2262 quens,
247 2186 301 2242 aut
323 2201 384 2242 uon
404 2181 491 2262 vidit,
510 2187 565 2244 aut
581 2181 608 2244 si
625 2181 711 2261 vidit,
732 2183 932 2262 pronuntiare
952 2184 1061 2246 noluit.
1104 2184 1211 2264 ltaque

124 2287 253 2368 primum
275 2307 314 2352 ex
326 2289 401 2371 ipsis
422 2291 605 2372 fragmentis
626 2291 832 2370 quaerendum
854 2291 916 2354 iam
936 2297 1001 2369 est,
1016 2274 1088 2354 num
1100 2291 1209 2354 [luridi

123 2395 166 2461 ad
188 2414 260 2458 vere
282 2398 492 2475 scribendum,
518 2404 553 2459 ut
573 2399 767 2460 llullemanni
788 2397 939 2458 rationem
961 2415 1131 2477 sequamur,
1155 2418 1215 2461 nec·

123 2504 268 2566 voluntas
292 2505 424 2566 defuerit
445 2524 501 2568 nee
522 2507 665 2570 facultas.

209 2613 393 2677 Athenaeus
408 2616 458 2679 lV.
479 2632 551 2696 pag.
576 2614 709 2676 1841).
740 2611 869 2674 llullem.
897 2611 1208 2691 fragmentllXXll.

122 2719 216 2790 babet
238 2721 331 2783 baec:
353 2719 472 2800 Δοῦρις
493 2720 519 2780 δ’
542 2717 575 2778 ἐν
591 2719 635 2800 τῷ
656 2717 729 2796 περὶ
741 2713 916 2796 Ειῖριιιίδου
937 2711 993 2776 καὶ
1012 2716 1209 2798 Σοφοκλέους

119 2822 329 2904 Ἀλκιβιάδην
348 2822 428 2904 φησί
447 2823 563 2898 μαθεῖν
584 2817 642 2901 τήν
664 2813 831 2902 αὐλητικὴν
854 2816 893 2880 oo'
914 2814 999 2896 παρὰ
1015 2819 1072 2882 τοῦ
1093 2819 1213 2900 τυχόν-

123 2949 194 3008 τος,
222 2927 301 2992 c'lloi
323 2921 497 3012 Προνόμου
518 2923 576 2988 τοῦ
595 2923 743 3008 μεγίστην
760 2923 929 3007 ἐσχηκότος
949 2922 1054 3003 δόξαν.
1090 2923 1139 2994 'llo
1165 2933 1209 2998 ila

124 3040 244 3122 quidem
265 3039 366 3102 lluris.
408 3039 501 3121 Atqui
530 3037 723 3121 gravissimis
750 3035 929 3100 testimoniis
958 3044 1092 3117 constat,
1115 3040 1210 3105 *Alei-

123 3147 245 3210 biadcm
268 3147 360 3210 tibias
383 3147 510 3210 eumad
532 3166 567 3210 os
590 3145 775 3232 admovisset
802 3143 997 3226 inflassetque
1016 3147 1210 3226 pudefactum

125 3254 191 3316 oris
212 3254 406 3318 deformitate
428 3253 575 3316 abiecisse
603 3253 693 3334 idque
715 3253 885 3333 exemplum
904 3253 1023 3314 nobiles
1042 3253 1208 3320 Athenien-

124 3363 203 3424 sium
224 3379 335 3442 pucros
357 3367 476 3424 secutos
495 3360 578 3422 tibiis
600 3379 710 3422 canere
732 3359 867 3422 desiisse.
911 3357 1003 3422 Cmos
1025 3361 1070 3423 rei
1092 3362 1207 3442 prinum

124 3469 186 3531 iam
205 3475 236 3528 et
247 3468 388 3550 princeps
407 3467 524 3530 exstitit
544 3466 633 3529 testis
641 3467 739 3540 Plato,
759 3466 927 3531 Alcibiadis
947 3468 1093 3549 aequalis,
1110 3469 1205 3536 dleib.

124 3577 233 3636 lloo:
253 3569 372 3650 ἔμαθες
393 3568 453 3653 γὰρ
476 3569 514 3652 δὴ
537 3567 577 3633 ori
592 3591 628 3650 ys
649 3572 825 3652 κιθαρίζειν
845 3569 900 3634 καί
906 3572 1075 3636 παλαίειν·
1095 3564 1132 3636 cci
1144 3573 1206 3660 γὰρ

126 3675 165 3760 δὴ
189 3678 297 3742 ου’λεῖν
319 3702 353 3762 ys
375 3670 486 3763 ἤθελες
505 3683 639 3759 nobaia·
667 3684 763 3759 Quam
785 3683 911 3747 candem
931 3684 968 3745 de
989 3684 1149 3750 Alcibiade
1168 3688 1207 3750 ci-

125 3789 194 3854 bias
213 3790 391 3870 repudiante
410 3792 618 3854 narrationem
635 3790 814 3853 Plutarchus
834 3790 933 3855 Alcib.
945 3793 983 3854 11.
1006 3794 1157 3858 uberrime
1175 3801 1205 3856 et

124 3898 170 3960 ita
190 3897 309 3978 quidem
331 3898 477 3978 exponit,
498 3904 532 3960 ut
552 3898 657 3962 varias
679 3897 718 3961 dc
738 3898 795 3962 illa
815 3915 851 3959 re
874 3899 1062 3964 circumferri
1084 3899 1204 3981 opinio-

124 4022 181 4066 nes
200 4023 238 4066 ne
259 4005 354 4069 verbo
376 4006 497 4086 quidem
517 4004 696 4088 significet,]
718 4007 797 4071 conf.
818 4007 905 4072 Suid.
928 4027 960 4070 v.
980 4003 1135 4090 Ἀράβιον
1155 3995 1206 4087 ἆρ’

124 4108 185 4188 ἐγώ
208 4117 271 4174 tom
292 4113 315 4176 l.
338 4132 368 4193 p.
389 4118 461 4177 30⁷.
490 4112 570 4180 dell.
592 4117 628 4179 N.
652 4114 689 4178 A.
711 4115 779 4180 XV.
800 4121 852 4179 1⁷.
896 4120 993 4193 Quum
1014 4123 1114 4180 autem
1136 4114 1208 4178 inda

124 4217 166 4282 ab
188 4217 356 4286 Alcibiadis
376 4220 506 4284 maxime
523 4227 625 4287 aetate
644 4221 787 4286 tibiarum
809 4229 917 4288 mutus
939 4223 1087 4304 inceperit
1104 4224 1206 4291 iacere

992 4342 1009 4406 1
