2864 4942
551 341 791 416 *¹9-

129 523 259 596 frivolas
292 536 323 594 et
353 531 481 611 pusillas
512 531 590 594 adco
620 551 688 594 csse
715 535 865 594 vcnahrsl
902 529 965 594 Sed
997 551 1098 595 noune
1126 533 1218 598 etiarn

129 641 317 717 Athenaeus,
337 638 542 720 Scholiastac,
564 631 767 703 Grammatici
788 658 828 703 ex
847 640 918 702 aliis
941 641 1142 721 scriptoribus
1162 661 1218 706 ex-

130 754 310 830 cerpserunt
331 767 383 810 res
404 750 595 831 graviores?
627 749 686 825 Qui
707 749 830 811 tandem
853 749 966 811 sactum
987 755 1050 826 est,
1068 755 1101 812 ut
1121 768 1220 831 quac·-

129 875 248 939 cunque
270 875 309 918 ex
324 857 440 918 Iluride
461 857 625 937 petierunt,
647 857 783 937 putidam
804 857 956 937 quandam
977 856 1148 920 doctrinam
1169 875 1220 918 rc·

131 964 283 1027 doleant?
314 966 422 1026 Nonne
441 964 625 1038 Athenaeus,
647 962 852 1042 SshoIIastac,
871 963 1069 1026 Grammatici
1082 971 1121 1026 ex
1132 963 1217 1026 'I'hu-

131 1075 250 1153 cydidc.
259 1073 471 1156 Xenophonte,
481 1073 656 1151 Aristotele,
666 1072 862 1146 Aristoxeno,
877 1061 1015 1149 Polybio,
1029 1071 1109 1151 ailla
1125 1073 1220 1135 multa

132 1183 323 1262 repetierunt
337 1189 374 1242 ct
394 1181 544 1263 graviora
565 1180 707 1262 quidem?
728 1181 792 1240 lmo
815 1179 895 1260 quod
914 1178 1103 1257 Athenaeus,
1120 1179 1218 1244 Scho-

131 1292 264 1370 liastac,
286 1289 485 1353 Grammatici
508 1288 654 1351 Doridem
674 1287 821 1365 maxime,
844 1295 862 1349 a
889 1287 998 1348 ceteris
1020 1288 1222 1368 scriptoribus

40 1423 43 1442 ·
131 1400 232 1463 rarius
253 1399 426 1475 laudatum,
445 1399 477 1460 in
496 1380 614 1460 deliciis
637 1397 824 1473 hahuerunt,
850 1397 881 1458 id
906 1395 1001 1477 ipsum
1020 1395 1108 1458 nohis
1128 1415 1222 1479 argu-

130 1514 236 1569 mento·
257 1499 327 1570 esse
348 1507 457 1585 dehet,
485 1507 557 1568 illos
579 1505 681 1581 viros,
709 1515 811 1566 rerum
835 1503 1016 1585 pusillarum
1037 1510 1221 1584 captatores,

131 1616 163 1678 iu
183 1615 307 1676 Iluridis
331 1615 453 1695 scriptis
481 1613 599 1693 copiam
621 1611 859 1692 deprehendisse
881 1629 1005 1689 eorum,
1027 1611 1135 1694 quihus
1158 1631 1223 1675 ma·

131 1723 213 1787 xime
234 1722 476 1785 delectabantur.

157 1809 165 1835 ’
214 1833 378 1912 Postquam
395 1829 457 1892 iarn
479 1848 517 1892 ea
540 1831 784 1910 percensuimus,
817 1845 899 1910 quae·
921 1827 961 1890 ad
990 1827 1113 1890 Duridis
1134 1827 1223 1890 tidem

135 1939 368 2002 examinandam
389 1936 521 2019 aliquam
542 1937 656 2000 hahent
678 1939 759 2016 vim,
782 1935 1000 1999 transeundum
1030 1941 1076 1997 est
1100 1936 1140 1998 ad
1160 1937 1224 2018 pri-

134 2044 376 2105 mariavctcrurn
394 2043 575 2124 scriptorum
590 2043 629 2105 de
641 2045 698 2106 illa
709 2042 831 2106 iudicia.
856 2045 1056 2118 Quantumvis
1071 2048 1170 2106 autem
1183 2046 1227 2108 ad*

136 2167 202 2211 carn
220 2149 411 2214 minuendam
428 2133 527 2213 adhuc
543 2151 697 2231 prolatum
709 2153 768 2230 sit,
791 2152 928 2214 maxime*
943 2150 1098 2214 Plutarchi
1119 2156 1225 2213 aueto-

135 2257 227 2320 ritate
246 2259 460 2322 labefactatur.
503 2256 596 2321 cuius
612 2257 754 2328 iudicium
769 2260 944 2340 priusquam
965 2258 1142 2340 ponderaho
1159 2277 1222 2335 eas,

134 2353 273 2445 quae-illi
292 2363 416 2424 lluridis
431 2357 676 2442 reprehendendi
691 2365 952 2443 opportunitatem
971 2367 1128 2445 dederunt,
1153 2375 1226 2427 nar·-

133 2467 270 2532 rationes
295 2455 445 2531 clluride
468 2476 630 2549 assumtus,
654 2471 760 2551 quales
789 2472 859 2551 sint,
883 2469 1056 2537 illustrabo.
1098 2471 1137 2536 ln
1158 2471 1228 2536 vita

133 2578 265 2640 Periclis·
281 2577 422 2641 XXVIII.
444 2577 525 2640 hanc
544 2577 634 2640 adest
648 2573 832 2644 Plutarchus
853 2579 977 2645 IluridIs
997 2582 1229 2646 narrationem'a

133 2678 237 2764 ἐνάτῳ
251 2681 286 2742 δὲ
307 2679 391 2765 μηνό,
410 2681 472 2743 τάν
489 2681 618 2761 Σαμίων
630 2679 860 2765 παραστάντων
876 2680 894 2746 ό
907 2673 1066 2768 Περικλῆς
1080 2683 1118 2750 τά
1135 2687 1223 2769 τείχη

134 2792 265 2850 καθεῖλε
286 2785 339 2849 καὶ
357 2784 415 2862 τάς
431 2791 509 2862 ναῦς
523 2791 683 2874 παρέλαβε
704 2792 760 2853 καί
780 2787 923 2872 χρήμασι
943 2797 1068 2867 πολλοῖς
1089 2793 1224 2876 τ’ζημόαιι

134 2917 205 2960 σεν·
238 2885 283 2958 ὧν
310 2891 349 2959 τά
381 2899 439 2975 μὲν
468 2890 728 2980 εάόόςῆνεγκαν
751 2892 781 2962 ci
800 2898 932 2982 Σάμιοι,
951 2896 988 2963 τά
1013 2900 1043 2962 δ’
1066 2901 1099 2964 όν
1118 2903 1223 2988 χρόνῳ

134 3003 222 3092 ῥητῷ
254 2995 421 3082 ταξάμενοι
454 2993 627 3087 κατοόσειν,
662 3004 808 3090 ὁμήρους
831 3003 962 3072 ἔδωκαν.
1012 3012 1133 3092 Δοῦρις
1155 3005 1225 3072 δ’ό

134 3113 252 3191 Σάμιος
273 3108 397 3186 τούτοις
419 3114 638 3201 ἐπιτραγῳδεῖ,
658 3113 777 3196 πολλὴν
796 3112 945 3201 ὠμότητα
966 3119 1026 3180 τῶν
1040 3113 1225 3201 Ἀθηναίων

134 3221 189 3281 κατ’
206 3220 264 3282 τιό
285 3222 480 3302 Περικλέους
502 3223 689 3306 κατηγορῶν,
708 3213 748 3303 ἧν
768 3215 1040 3306 οότεΘαακιδίδης
1061 3221 1225 3304 ἱστόρηκεν

134 3319 191 3388 τόν
203 3319 349 3410 Ἔφορος,
363 3319 427 3390 οὔτ’
447 3329 668 3413 Ἀριστοτέλης·
691 3321 761 3392 toa’
780 3331 849 3393 αδδ7
867 3327 1036 3412 ἀληθεύειν
1052 3328 1159 3408 ἔοικεν,
1183 3326 1225 3404 oie

134 3425 199 3516 άρόι
220 3428 293 3509 τόός
316 3432 529 3518 τριηράρχους
547 3439 601 3499 καί
613 3435 689 3513 τούς
710 3436 863 3518 ἐπιβάτας
882 3439 943 3500 τεόν
965 3437 1094 3517 Σαμιόον
1110 3439 1155 3510 εἰς
1167 3462 1228 3522 την

135 3539 306 3626 Μιλησίων
326 3536 445 3624 άγοράν
466 3541 592 3626 άγαγάν
612 3543 667 3608 καί
687 3547 794 3608 σανίσι
814 3545 995 3628 προσδήσας
1025 3545 1076 3629 ἐφ’
1100 3545 1226 3628 ἡμέρας

135 3645 221 3729 δέκα,
245 3655 346 3725 κακῶς
369 3644 429 3735 ἤδη
452 3655 669 3732 διακειμένους
683 3657 870 3738 προσέταξεν
891 3651 1021 3732 άνελεῖν,
1045 3653 1149 3731 ξύλοις
1163 3653 1221 3729 τάς

133 3745 275 3840 κιφαλάς
298 3759 527 3844 συγκόψαντας,
555 3755 623 3825 εἶτα
644 3765 812 3845 προβαλεῖν
840 3757 996 3840 ἀκήδευτα
1017 3759 1053 3825 τά
1075 3761 1219 3842 σώματα.

135 3867 255 3945 Δοῦρις
278 3869 336 3944 μὲν
356 3857 410 3930 σόν
430 3868 500 3930 odd?
522 3859 716 3953 incarnaliter
730 3866 819 3954 αότῷ
833 3867 1000 3947 πρόσεστιν
1016 3866 1096 3932 ἴδιον
1110 3873 1224 3948 πάθας,

135 3969 257 4044 εἰωθώς
279 3981 405 4053 κρατεῖν
419 3971 475 4058 τήν
497 3973 639 4059 διήγησιν
661 3977 715 4038 ἐπὶ
734 3980 790 4058 τῆς
803 3975 963 4058 άληθειάς,
984 3974 1105 4056 μάλλον
1124 3971 1225 4037 ἔοικεν

135 4073 277 4142 dononio
296 4080 452 4146 ’δεινῶσαι
478 4079 533 4156 τάς
563 4087 620 4166 τῆς
646 4085 796 4164 πατρίδος
822 4085 994 4170 συμφοράς
1015 4085 1068 4146 ἐπὶ
1090 4083 1223 4168 διαβολῇΙ

136 4189 198 4249 τῶν
220 4186 409 4272 Ἀθηναίων.
435 4197 537 4271 ‘Quae
563 4196 602 4257 de
624 4194 752 4260 Periclis
777 4197 957 4260 cmdolitate
990 4199 1099 4257 narrat
1129 4189 1220 4272 Iluris
