2864 4942
650 391 891 458 ..22-

228 600 335 677 linque
357 588 483 656 victoris
513 603 672 669 pompam,
703 581 886 664 triumphum
917 597 1013 662 agere
1039 580 1137 656 voluit
1149 603 1159 658 ;
1187 583 1235 649 eni
1255 602 1317 666 qun

230 703 329 769 maior
346 705 377 762 et
390 695 536 779 splendor
559 694 776 759 conciliaretur
797 695 829 756 et
848 689 1084 771 magnificentia,
1106 690 1183 756 setis
1201 691 1317 772 inopen.
1418 693 1419 698 ’

230 809 312 874 disse
345 804 438 871 studii
464 807 557 883 atoue
581 817 695 882 operae
714 797 866 878 putandus
887 802 942 859 est.
985 797 1069 867 Haec
1088 797 1316 880 llullemaonus.
1418 877 1419 882 ἵ

229 919 293 982 lom
314 932 389 982 vero
409 927 560 992 sperasse
590 905 778 972 Alcibiadem
806 907 929 986 forent
948 913 1132 986 ,recuperata
1150 906 1319 996 Athenien.
1418 907 1419 980 j

229 1023 306 1092 sium
326 1020 431 1103 gratio
450 1024 560 1100 ageret
589 1015 787 1097 triumphum,
807 1031 916 1076 uerum
938 1019 1004 1094 est,
1027 1015 1084 1085 sed
1107 1014 1228 1082 dubium
1250 1033 1320 1080 eum

230 1132 326 1196 inisse
350 1131 388 1194 de
410 1125 639 1194 Atheniensium
659 1124 764 1206 gratia
784 1130 816 1186 et
829 1122 1054 1202 benevolentia,
1071 1121 1148 1186 dum
1168 1120 1242 1186 novi
1262 1121 1319 1184 ad-

235 1236 414 1312 vehebatur,
436 1233 582 1306 disertum
603 1231 691 1295 docet
711 1228 921 1310 Xenophontis
940 1228 1153 1315 testimouium,
1181 1229 1264 1310 quod
1285 1229 1319 1298 in

230 1317 417 1412 centrariam
438 1342 559 1416 tmhhto
579 1346 698 1421 portem
718 1337 939 1403 liullemannus
951 1355 1114 1420 perperam
1133 1336 1319 1418 interprete·
1418 1353 1419 1366 ¹

229 1461 279 1519 tus
299 1456 356 1514 est.
379 1448 433 1522 Sic
447 1449 528 1514 enirn
540 1447 711 1528 Xenophon
724 1445 833 1510 scribit
852 1445 931 1516 llell.
956 1451 985 1522 1,
1006 1447 1065 1519 123
1086 1439 1157 1504 incl
1176 1441 1212 1504 δὲ
1233 1433 1318 1522 ἑώρα

229 1547 334 1641 ἐαυτῷ
354 1541 466 1620 εὔνουν
488 1544 586 1622 οὖσαν
610 1548 682 1633 (τήν
704 1546 808 1642 πόλιν)
836 1547 892 1612 κατ’
917 1545 1092 1632 στρατηγόν
1117 1547 1217 1614 υότόν
1238 1542 1320 1634 ᾗρη-
1418 1579 1419 1648 p

228 1667 342 1744 pedenna
361 1664 416 1726 καί
437 1662 503 1747 t'dr'pr
519 1662 818 1740 μεταπεμπομένους
836 1655 908 1730 τούς
921 1657 1126 1742 ἐπιτηδείους,
1146 1659 1320 1720 κατέπλει).

230 1793 284 1841 σιν
304 1766 336 1846 ἒς
358 1767 416 1834 τόν
439 1769 582 1852 Πειραιᾶ
604 1757 748 1854 ἡμέρᾳῇ
773 1755 1041 1848 πλυντήριαῆγεν
1063 1763 1082 1848 ἦ
1107 1761 1203 1836 πόλις.
1247 1769 1320 1844 Qui.

231 1881 289 1946 hus
308 1880 521 1961 Xenophontis
551 1879 654 1948 verbis
686 1884 719 1939 et
739 1878 840 1959 magis
861 1877 952 1941 etiam
973 1877 1012 1942 iis
1034 1895 1112 1960 qnae
1135 1875 1321 1960 praecedunt

230 1985 332 2050 ἐκεῖθι
354 1985 382 2058 d’
405 1975 532 2063 ἀνήχθη
557 1977 804 2045 enedreutice
818 1981 873 2047 ἐπὶ
884 1961 1065 2067 κατασκοπῇ
1078 1985 1140 2044 τῶν
1156 1976 1318 2064 τριήρων,

233 2086 272 2164 ἃς
293 2086 487 2155 ἐπυνθάνετο
518 2089 793 2168 Λακεδαιμονίους
819 2087 936 2152 αὐτόθι
965 2085 1215 2171 παρασκευάζειν
1235 2067 1322 2171 τριό-

231 2179 344 2282 ιιοντα,
369 2199 424 2260 καί
449 2198 507 2260 τοῦ
527 2192 632 2261 οἴκαδε
651 2194 831 2276 κατάπλου,
858 2189 942 2268 ὅπως
970 2191 1099 2276 ἡπόλις
1119 2191 1197 2280 πρός
1219 2193 1321 2258 αὐτόν

231 2302 311 2389 ἔχοι,
326 2328 427 2376 nonne
449 2317 533 2373 certo
554 2309 666 2375 certius
687 2310 826 2388 edicitur,
840 2311 985 2384 incertum
1000 2325 1060 2388 quo
1075 2307 1107 2368 in
1119 2307 1216 2386 ipsum
1226 2306 1320 2372 Athe-

233 2416 354 2487 meuses
375 2423 477 2480 essent
499 2417 600 2488 animo
624 2435 690 2481 eum
710 2417 867 2482 dubitasse
886 2417 1066 2498 appelleret
1085 2407 1130 2478 Ao
1151 2433 1235 2500 quae,
1250 2416 1322 2480 sub-

234 2526 403 2602 sequuntur
427 2522 508 2602 apud
535 2521 747 2590 Plutarchum:
777 2508 844 2578 dtr
876 2518 993 2589 ἐκεῖνος
1013 2520 1076 2598 κατ’,
1092 2514 1204 2591 δεδιώς
1224 2514 1323 2600 καῐό·

134 2648 138 2656 ·
231 2647 301 2706 γετο
332 2627 387 2688 uel
419 2628 589 2706 καταχθείς
619 2624 659 2686 ου’
685 2620 839 2706 πρότερον
866 2623 968 2706 α’πὲβη
1002 2628 1057 2708 τῆς
1077 2620 1224 2707 τριήρους
1246 2623 1324 2706 πρὶν

234 2756 273 2826 o.⁴
287 2755 315 2794 r.
338 2737 365 2795 λ.
382 2735 506 2840 ,blphori
522 2742 553 2810 et
569 2735 758 2817 Theopompi
778 2735 962 2801 auctoritate
984 2737 1126 2803 videntur
1146 2734 1212 2798 niti.
1258 2739 1326 2811 Qua

233 2845 295 2908 iam
316 2845 348 2906 io
367 2862 403 2906 re
418 2846 499 2911 omni
518 2845 618 2910 studio
634 2863 734 2922 vacua
747 2861 801 2908 cur
819 2845 1016 2926 Xenophonti
1032 2852 1115 2910 certe
1128 2845 1325 2910 diffidamus?

237 2951 330 3034 Atqui
350 2953 508 3034 utriusque
533 2973 594 3019 uon
615 2960 716 3034 potest
737 2960 767 3014 et
788 2953 912 3020 lluridis
934 2961 965 3016 et
983 2954 1195 3034 Xenophontis
1214 2972 1324 3024 narra-

237 3056 280 3119 tio
295 3075 372 3118 vera
395 3074 471 3135 esse,
491 3059 537 3118 ita
556 3064 590 3119 ut
611 3057 640 3120 si
663 3061 793 3124 alteram
816 3061 934 3134 credas,
948 3079 1044 3142 neges
1067 3061 1210 3130 alteram.
1246 3062 1322 3129 Nam
1416 3053 1417 3056 ¹

234 3164 287 3246 qui
307 3164 340 3231 in
362 3183 398 3226 eo
422 3173 500 3243 erat,
517 3173 550 3230 ut
570 3184 646 3248 quos
666 3186 728 3236 uon
748 3166 842 3230 multo
857 3175 928 3234 ante
942 3166 1137 3231 vehementer
1160 3187 1228 3242 ase
1247 3169 1322 3231 aba·

231 3273 363 3336 lienatos
384 3281 528 3356 expertus
550 3280 633 3351 erat,
654 3272 882 3338 Atheniensium
903 3275 1021 3338 animos
1050 3275 1108 3356 sibi
1136 3275 1323 3354 devinceret,

237 3381 316 3446 idem
336 3401 398 3446 non
410 3388 533 3464 poterat
546 3400 656 3446 nauem
674 3382 811 3447 Athenas
833 3385 991 3466 appellens
1011 3384 1174 3464 indulgere
1192 3390 1255 3446 tam
1274 3384 1321 3446 in-

232 3490 317 3570 genti
337 3491 487 3572 luxuriae.
532 3490 631 3573 Atque
650 3494 798 3572 profecto,
818 3499 901 3558 recte
921 3491 1074 3557 iudicante
1085 3483 1259 3569 Plutarcho,
1280 3492 1320 3554 ab
1415 3545 1416 3558 ,

233 3596 419 3680 Alcibiadis,
441 3600 627 3684 temporibus
648 3601 844 3664 callidissime
866 3601 1080 3694 inservientis,
1112 3600 1237 3682 ingenio
1265 3599 1320 3662 ah-

233 3705 350 3784 horret,
373 3725 451 3790 quae
477 3715 539 3771 tum
563 3715 631 3772 erat
651 3727 752 3775 rerum
773 3709 923 3790 conditio,
944 3727 1002 3788 per
1023 3713 1140 3770 tentam
1159 3707 1320 3772 lasciuiam

235 3813 366 3884 illudere
389 3815 634 3885 Atheniensibus.
678 3817 766 3894 Quod
779 3817 884 3880 eadem
906 3835 983 3900 quae
1002 3822 1112 3886 narrat
1122 3816 1214 3880 lluris
1236 3815 1319 3898 apud

233 3921 422 4000 Athenaeum
449 3926 541 3988 etiam
565 3927 781 4007 reperiuntur,
803 3945 865 3992 non
889 3932 989 4007 potest
1010 3943 1068 3987 nos
1089 3923 1215 4002 morari,
1236 3924 1318 4006 quia,
1414 3951 1415 3966 ι

233 4032 312 4113 quod
335 4039 418 4097 recte
431 4035 546 4098 monuit
559 4034 877 4118 Schweighaeuserus,
901 4033 1056 4112 luausissse
1076 4031 1240 4098 exlluride
1262 4051 1318 4100 sun

234 4140 420 4216 Athenaeum
437 4147 467 4202 et
479 4148 643 4222 propterea
655 4143 819 4212 uerisimile
837 4150 892 4221 est,
914 4142 993 4224 qrtod
1008 4141 1200 4216 Plutarchus,
1221 4138 1319 4214 [euius

231 4247 406 4314 immensam
427 4251 493 4313 lere
514 4250 684 4317 doctrinam
704 4269 765 4317 non
787 4251 878 4316 laede
900 4253 981 4316 ullus
1004 4269 1104 4315 rerum
1117 4249 1248 4330 scriptor
1269 4249 1318 4312 hr-
