2864 4942
501 638 546 705 ,V
585 636 613 700 1
654 638 692 702 Τ
734 637 782 702 Α.

190 931 454 1026 Godofredus
477 931 663 998 llolierta
692 939 783 996 natus
812 949 879 996 sum
897 885 1048 998 (iladbaci
1068 911 1188 1014 optimis

107 1039 303 1123 parentibus,
324 1058 451 1123 quorum
471 1046 600 1104 matrem
620 1039 682 1108 iam
705 1039 817 1103 duduun
837 1044 987 1136 mortuam
1007 1057 1076 1110 esse
1098 1039 1187 1102 doleo

110 1168 192 1214 anuo
223 1148 311 1212 buius
333 1149 448 1212 saeculi
468 1148 726 1230 duodevigesimo.
777 1146 1118 1231 Postquaminoatriae
1138 1167 1188 1210 su·

108 1257 240 1338 perionis
268 1256 385 1320 ordinis
417 1255 524 1320 schola
545 1256 833 1338 Sebuengelio
856 1264 887 1320 et
920 1256 1067 1338 imprimis
1086 1254 1189 1318 Con·

107 1365 208 1427 rado
224 1367 419 1446 Noevero,
436 1366 503 1428 viro
520 1365 694 1450 doctissimo
708 1372 738 1426 et
749 1365 978 1444 humanissimo,
991 1363 1117 1428 ducibus
1125 1363 1189 1426 ha-

103 1472 190 1535 tinae
210 1480 241 1535 et
261 1472 400 1538 Graecae
419 1475 548 1556 linguae
577 1473 735 1544 elementis
758 1475 803 1538 fui
825 1474 964 1552 imbutus,
986 1473 1186 1551 Gymnasium

102 1581 385 1663 llusseldorpieuse,
414 1583 495 1664 quod
515 1588 587 1647 tuuc
605 1582 849 1664 Wuellueri,
871 1582 929 1646 viri
949 1582 1132 1646 sanctissimi
1153 1587 1185 1644 et

106 1690 283 1768 doctissimi,
303 1690 446 1771 auspiciis
467 1689 607 1769 florebat,
625 1691 697 1769 adii,
718 1691 818 1773 ibique
836 1691 1031 1774 perquinque
1043 1705 1190 1753 annorum

106 1804 238 1880 spatium
262 1799 525 1877 Wuellneri,
546 1797 1188 1878 Hildebrandiissro'mei,Gras-

105 1907 549 1991 lsolii,llonigmanni,
581 1906 1186 1991 Capellmanni‚lluelstettii

106 2016 229 2080 sebolas
249 2036 363 2099 magno
384 2035 450 2080 cum
478 2019 580 2081 fructu
608 2018 810 2108 frequentavi.
853 2016 970 2104 Deinde
1002 2014 1194 2081 maturitatis.

107 2125 280 2187 testimonio
302 2126 453 2204 munitus,
483 2132 518 2187 ut
537 2125 732 2208 philologieis
755 2132 786 2188 et
806 2125 990 2208 theologicis
1011 2124 1120 2191 studiis
1143 2142 1190 2219 mc

104 2232 267 2310 dederam,
300 2233 456 2313 lionmm,
492 2233 730 2298 illustrissimam
762 2235 935 2301 litterarum
956 2234 1069 2309 sedem,
1099 2233 1183 2314 petii.

106 2339 272 2419 Postquam
307 2347 407 2402 autem
427 2340 679 2403 Ritsolselio
715 2342 862 2422 imprimis
895 2348 925 2404 ct
958 2341 1190 2404 Wclclscro

105 2445 233 2508 ducibus
252 2444 415 2508 arctiorem
443 2463 509 2508 cum
534 2445 669 2528 antiquis
699 2448 810 2514 litteris
833 2449 974 2515 contraxi
993 2447 1188 2512 familiarite,

105 2563 176 2629 tem,
196 2553 241 2617 ita
260 2554 298 2616 iis
319 2555 419 2636 magis
439 2555 600 2636 magisque
616 2555 784 2622 delectatus
799 2576 875 2631 sum,
896 2563 929 2622 ut
947 2575 1020 2620 mox
1042 2556 1073 2620 in
1087 2555 1186 2637 pbilo-

106 2661 581 2741 logiaerinestotusdeducener.
611 2664 890 2726 AWalckero
915 2649 1185 2730 etllitscbelio

106 2770 342 2836 inseminarium
356 2770 575 2852 philologioum
589 2777 728 2851 umectus
740 2789 828 2847 sum;
849 2779 881 2833 et
900 2771 939 2834 iis
959 2774 1088 2853 quidem,
1108 2790 1186 2854 quae
1293 2769 1296 2778 '

104 2878 148 2941 ibi
167 2869 286 2941 institui
304 2881 413 2959 solent,
434 2868 713 2958 exercitationibus,
733 2881 759 2943 si
783 2881 894 2962 quain
917 2899 965 2942 me
988 2888 1049 2957 est,
1070 2882 1186 2946 studio·

108 3004 173 3049 rum
186 2985 441 3069 philologioorum
458 2994 490 3049 et
502 2988 579 3052 artis
601 2987 725 3052 criticas
748 2989 878 3053 maxime
899 2985 982 3053 recte
998 2990 1187 3057 exarmatae

107 3112 225 3156 omnem
245 3095 311 3155 fere
339 3097 517 3160 facultatem
536 3095 642 3160 debeo.
694 3097 811 3161 Deinde
840 3117 963 3162 summo-
989 3118 1055 3162 cum
1086 3101 1188 3177 fructu

106 3203 292 3266 disserentes
311 3202 433 3266 audivi:
467 3206 749 3286 Walolterum,
780 3207 1072 3283 llitsobalium,
1092 3207 1185 3288 Aug.

107 3303 625 3392 GuilelmScblegclium,
646 3315 887 3392 illitorum,
912 3304 1186 3394 hoabellium',

106 3419 394 3496 Braodisium,
421 3417 666 3499 Galliarum,
700 3420 919 3503 uiantium,
954 3419 1184 3488 lluellman-

110 3545 216 3606 num,
241 3527 511 3606 Urlicbsium,
533 3529 840 3609 buentaerum,
862 3531 1185 3613 lleimsoetbium,

110 3635 262 3698 derebus
291 3643 393 3701 autem
426 3637 609 3719 theologicis
645 3637 1013 3721 Aolrterseldtium,
1043 3641 1187 3706 Schol-

112 3744 239 3821 nium,
259 3743 534 3826 llilgersium,
557 3747 903 3830 Vogelsangium.

191 3852 307 3928 Quibus
324 3855 399 3919 viris
420 3855 558 3919 omnibus
579 3856 692 3938 optime
713 3857 751 3917 de
772 3872 819 3919 me
838 3859 953 3923 meritis
975 3859 1107 3942 gratiam
1133 3857 1187 3920 ba·

104 3958 161 4022 beo
184 3960 345 4026 maximam
369 3969 400 4025 et
419 3982 476 4046 per
496 3969 591 4028 totam
612 3965 707 4028 vitam
728 3953 856 4030 habebo.
