2864 4942
523 369 762 434 ..pp-

99 556 242 639 aqoilus
263 557 384 621 acinus
403 556 498 639 ipsius
510 553 589 622 'erat
608 559 811 636 abalienatus,
829 563 864 621 ut
875 563 1029 642 carperet,
1049 579 1117 624 eum
1135 548 1188 624 ros¹

100 669 197 726 novas
216 664 432 747 inauditaeque
450 665 576 728 linxisse
590 712 598 743 ,
612 663 782 746 'quum'ex
803 665 878 746 ipsis
898 668 1100 747 fragmento,
1121 673 1186 730 tum

100 771 215 834 diserto
235 771 391 854 Plutarchi
412 773 586 836 testimonio
614 779 664 834 sat
693 767 936 852 neruosusne,
967 773 1011 838 utl
1037 790 1114 836 eum
1135 775 1186 840 vi-

100 880 200 944 dimus
217 879 432 942 ·Atl1eniensec
465 879 577 944 Samiis
612 879 754 958 invisos,
786 881 916 962 itemque
942 880 1126 946 Socraticos·
1153 887 1187 944 et

98 988 293 1067 isocratieos
313 1000 429 1050 sumne
450 1005 516 1050 curu
538 988 707 1050 acerbitate
728 1005 795 1050 esse
816 996 1018 1068 persecutum.
1061 988 1188 1052 Accedit

99 1093 198 1177 qued,
213 1115 215 1122 ’
231 1111 292 1174 qua
317 1077 385 1156 tota
404 1095 470 1155 lere
498 1093 556 1156 ille
576 1100 664 1156 aetas
692 1093 876 1172 introisset,
903 1096 1009 1160 Mem
1037 1097 1103 1178 ipsc
1117 1098 1189 1182 nult

102 1201 243 1280 inlectus,
257 1202 423 1265 immensae
440 1204 560 1285 quiden
573 1204 738 1266 xdoctrinan
749 1201 955 1266 &unedone
997 1203 1104 1286 ltaque
1112 1205 1190 1270 lllni

101 1309 187 1385 eius,
217 1310 337 1373 minime
358 1310 449 1376 iidem
470 1313 633 1394 eleganter
655 1331 695 1374 oc
720 1307 815 1373 nitide
835 1313 963 1393 scripti,
994 1319 1121 1394 propter
1142 1313 1190 1375 nl:

101 1417 193 1482 mium
222 1436 324 1482 uerum
354 1420 638 1498 grammaticarum,
666 1415 966 1500 etymologicum,
994 1421 1188 1497 nociturum,

100 1523 287 1606 poeticorum
310 1527 478 1589 inmixtan
500 1523 721 1590 multitudinem
743 1525 782 1603 el,
802 1523 853 1607 qui
873 1525 1003 1586 fructum
1017 1541 1127 1608 crpore
1140 1539 1186 1586 ex

99 1631 229 1696 historia
248 1633 344 1698 uellet
365 1651 473 1715 parurn
491 1639 521 1694 et
543 1631 711 1712 uoluptatis
733 1631 766 1692 ct'
786 1632 931 1697 utilitatis
950 1631 1167 1712 praebuerunt·

182 1740 247 1805 Sed
267 1761 307 1804 ue
338 1743 377 1805 nd
409 1742 470 1806 ima
488 1741 637 1804 subsellia
655 1741 760 1804 [lurion
779 1741 969 1821 telegonus,
989 1740 1115 1821 inpedit
1132 1739 1189 1804 cl-

99 1851 220 1912 ceronis
249 1849 435 1925 auctoritas,
471 1850 620 1912 homiuem
646 1849 775 1912 dicentis
805 1849 891 1912 illum
913 1849 944 1912 ln
966 1848 1099 1912 historie
1120 1849 1190 1912 dili·

98 1963 230 2038 geutem.
273 1957 401 2039 integra
429 1967 530 2021 autem
562 1959 660 2022 uerba
680 1957 839 2020 Ciceronis
860 1957 948 2037 epist
972 1957 1064 2020 Attio.
1085 1956 1188 2028 Vl·,l.

100 2065 319 2131 transcribam:
340 2063 391 2146 „0
405 2062 627 2146 datosoppur'uv
641 2065 776 2147 turpem!
795 2067 872 2128 Nam
894 2065 971 2126 lllud
986 2065 1025 2146 de
1035 2063 1145 2127 Flauio
1160 2069 1190 2126 et

101 2173 202 2251 lastis,
223 2173 249 2235 si
268 2193 355 2236 secus
377 2181 433 2252 est,
453 2192 610 2240 commuue
632 2175 770 2236 eruemur
793 2179 862 2249 cst;
896 2178 927 2234 et
947 2179 980 2236 tu
1006 2173 1088 2236 belle
1109 2169 1190 2251 ἠπο-

102 2274 204 2357 ρήσας
235 2289 267 2343 et
295 2300 351 2345 nos
377 2283 531 2362 publicare
554 2299 650 2362 prope
683 2281 857 2362 opinionem
878 2281 975 2343 secuti
1008 2297 1133 2360 sunus,
1156 2286 1192 2344 ut

101 2387 199 2449 multa
219 2389 298 2468 apud
324 2387 472 2451 Graecos.
514 2390 589 2463 Quis
611 2388 691 2449 enim
710 2405 773 2448 non
792 2387 879 2466 dixit,
901 2377 1039 2447 Εὔπολιν
1059 2382 1115 2447 τὸν
1135 2386 1192 2466 τῆς

102 2491 243 2578 ἀρχαίας
260 2497 300 2560 ab
323 2494 483 2559 Alcibiade
503 2495 672 2576 navigante
689 2495 721 2557 in
742 2493 880 2559 Siciliam
900 2495 1048 2561 deiectum
1068 2513 1137 2556 esse
1157 2495 1191 2559 iu

102 2606 211 2666 moret
252 2604 428 2686 Redarguit
440 2602 671 2666 Eratosthenes.
712 2601 823 2665 Adlert
842 2605 930 2680 enim,
950 2617 1027 2684 qnos
1048 2604 1103 2668 illc
1119 2608 1192 2686 post

101 2709 133 2773 id
155 2715 273 2789 tempus
294 2709 417 2772 fabulas
436 2709 581 2771 docuerit
646 2709 724 2772 Num
743 2707 854 2773 iccirco
873 2711 967 2772 lluris
981 2709 1114 2787 Samius,
1135 2711 1191 2772 luo-
1217 2779 1221 2787 A

102 2837 152 2880 ulo
175 2817 206 2880 iu
229 2817 359 2879 historia
371 2817 515 2899 diligens,
535 2817 614 2898 quod
636 2835 704 2881 curn
724 2818 827 2882 multis
846 2817 974 2892 enavit,
996 2817 1144 2900 irridetur
1153 2817 1190 2880 2⁶⁶

102 2923 197 2988 Cuius
218 2924 340 3006 quidem
362 2915 575 3006 disputationis
595 2925 672 2988 haec
694 2925 746 2988 vlo
766 2944 804 2987 ac
826 2925 906 2988 ratio
928 2929 994 2986 est:
1025 2919 1190 3003 ἀνιστορη.

104 3030 159 3093 σία
190 3033 287 3114 turpis
318 3039 385 3113 est,
415 3035 455 3097 alr
477 3031 634 3096 erroribus
669 3051 756 3095 neruo
780 3033 882 3111 liler3
918 3032 963 3096 lta
983 3033 1076 3096 lluris
1096 3031 1189 3098 etlam

104 3141 232 3215 erravit,
252 3160 340 3223 quem
360 3161 447 3205 nomo
472 3134 695 3218 ἀνιστορησίας
717 3141 926 3220 ιιοοιιεεινιεῐίῐ,Ι
939 3140 991 3221 qui
1010 3139 1135 3205 mulum
1157 3138 1189 3200 io

101 3250 232 3314 historia
253 3251 417 3314 collocavit
440 3267 582 3330 operam,
615 3249 666 3330 qui
697 3249 745 3310 vir
773 3253 819 3310 est
849 3247 1053 3308 doctissimus·
1103 3243 1188 3306 Seue

103 3360 228 3420 mullum
248 3358 279 3420 in
299 3357 427 3420 historia
450 3357 542 3419 lluris
566 3363 707 3418 versatos
729 3361 795 3429 est,
824 3354 921 3416 multa
942 3371 1020 3414 sane
1051 3349 1188 3446 distulis

101 3465 239 3546 implevit
260 3465 424 3529 volumina.
468 3461 531 3526 Sed
552 3467 590 3526 ea
622 3480 657 3524 re
688 3481 748 3544 quo
771 3467 862 3541 pacto
881 3460 957 3522 tides
977 3458 1102 3521 linridis
1122 3459 1186 3521 eri·

101 3573 212 3654 giturt
236 3573 293 3649 Qui
315 3573 394 3636 enim
414 3571 463 3633 vir
484 3570 630 3652 imprimis
652 3570 760 3633 doctos
779 3570 891 3632 dicitnr
910 3586 931 3629 a
946 3565 1104 3645 cicerone,
1125 3568 1186 3630 lle-

57 3753 62 3762 ·
100 3679 235 3743 raclides
258 3681 421 3758 Ponticus,
454 3677 533 3742 idern
553 3678 593 3742 eb
627 3679 732 3743 eodem
752 3677 920 3758 puerilibus
940 3673 1054 3737 fabulis
1090 3675 1186 3742 libros

100 3805 173 3848 suos
194 3787 355 3850 retorsisse
376 3787 497 3850 dieitur.
547 3784 646 3868 Atque
667 3785 823 3848 Ciceronis
842 3801 919 3864 quse
942 3787 990 3844 est
1015 3782 1049 3846 iu
1071 3781 1130 3846 hcc
1151 3801 1187 3844 rc

101 3893 296 3958 auctoritasl
336 3899 434 3972 Quum
464 3894 542 3956 euim
570 3892 675 3975 utpote
698 3885 869 3982 litterarum
903 3890 1051 3960 historia
1076 3907 1184 3952 man·

100 3999 234 4064 tissimus
259 4017 364 4063 corum
385 4017 461 4083 quos
481 4001 605 4082 legerat
624 3997 806 4080 scriptorum
836 3997 1082 4072 laudandorum,
1111 3993 1183 4075 quin

99 4111 183 4190 fuse,
205 4110 312 4191 quoles
332 4109 467 4187 luerint,
489 4099 756 4172 describendorum
777 4107 1026 4189 qualemcumque
1045 4101 1184 4186 arripere

100 4218 198 4281 soleat
219 4217 502 4298 opportunitatem,
522 4212 646 4282 {luridis
667 4231 752 4294 quenl
775 4212 850 4280 alili
872 4228 1017 4294 nusquam
1038 4207 1182 4290 attingat,
