2864 4942
627 338 867 406 ⁶32-

211 529 291 614 quod
311 520 499 604 acuatacuat
521 532 552 588 et
575 521 711 604 ἱστορίαι
731 525 909 606 inscriptum
932 514 1299 605 extradimittens&

213 636 330 698 titulum
349 635 512 714 labuerit,
528 634 666 716 equidem
686 634 799 697 dultito.
842 636 928 709 Quae
948 650 1005 709 me,
1028 639 1061 694 ut
1081 633 1127 696 ita
1146 651 1299 713 censeam,

211 741 364 807 adducunt
386 746 568 825 argumenta
593 742 668 806 haec
689 747 778 804 sunt:
798 740 971 804 Athenaeus
990 740 1021 802 in
1042 740 1140 802 titulis
1166 741 1300 806 afferen-

211 847 259 912 dis
278 852 344 912 lere
365 851 494 928 nimius,
528 844 706 934 quamquam
726 851 867 914 undecies
895 841 1084 926 aaaedoouad
1106 856 1136 912 et
1157 843 1301 929 ἱστορίας

213 965 382 1036 memorat,
409 952 576 1040 ἑλληνικῶν
608 978 760 1042 nunquam
780 959 856 1023 facit
874 957 1075 1036 mentionem,
1096 975 1193 1041 neque
1212 959 1297 1041 apud

215 1083 283 1143 ecs,
305 1068 355 1148 qui
380 1068 459 1130 idem
472 1066 694 1143 μακεδονικαῖν
724 1087 800 1149 opus
818 1055 963 1144 laudant,
985 1064 1177 1130 Scholiastas
1198 1066 1298 1149 Apol·

215 1171 292 1237 lonii
313 1176 442 1253 Rhodii,
472 1159 643 1256 lluripidis,
670 1175 905 1256 Aristophanis,
924 1174 1062 1236 Platonis
1086 1173 1181 1254 (conf.
1203 1175 1299 1237 etiam

212 1281 346 1349 Bekkeri
366 1283 470 1346 anecd.
490 1284 513 1345 l.
528 1303 563 1363 p.
586 1285 659 1346 451.
678 1289 739 1359 313
761 1285 799 1346 ll.
821 1303 851 1363 p.
873 1287 944 1361 782,
964 1279 1020 1358 22)
1042 1281 1135 1343 ullum
1157 1281 1227 1343 cius*
1241 1282 1302 1343 du-

214 1390 303 1471 plicis
322 1390 404 1454 tituli
427 1391 593 1472 vestigium
612 1391 782 1472 repetitum¹
810 1390 891 1474 quod
925 1390 982 1472 qui
1008 1389 1075 1450 fieri
1098 1389 1250 1470 potuerit,
1270 1389 1300 1450 si

171 1507 175 1514 '
213 1489 503 1582 duplicemltitu'lmu
532 1517 607 1579 opus
626 1498 742 1574 habuit,
763 1498 817 1560 viu
848 1496 1042 1580 intelligitur.
1095 1497 1138 1558 At
1166 1497 1301 1579 quidde

214 1605 351 1670 Diodoro
375 1603 491 1682 Siculo,
515 1605 555 1669 ab
578 1606 664 1668 obitu
684 1606 852 1683 Amyntae,
882 1604 1089 1687 Agesipolidis
1121 1610 1152 1665 et
1180 1603 1301 1667 losouis

213 1713 401 1776 narrationis
441 1714 480 1776 de
512 1713 603 1777 relus
630 1712 819 1776 ‘Graecorum
841 1714 938 1794 gestis
963 1712 1111 1775 ‘llnridcm
1141 1711 1302 1776 exordium

217 1822 359 1886 sumsisse
380 1827 514 1884 testante
536 1819 724 1884 iudicemus?
745 1821 775 1882 ls
795 1807 853 1903 quo
866 1821 1017 1883 Diodorus
1037 1821 1181 1884 Doridem
1201 1820 1303 1885 obiter

214 1928 288 1994 dicit
308 1915 455 2003 stipulari
477 1927 658 2009 scripsisse,
690 1928 772 1991 liber
792 1947 881 2011 quum
901 1928 932 1991 in
956 1929 1143 2008 exponendis
1163 1927 1301 1993 Graeco-

215 2053 283 2098 rum
304 2035 436 2098 maxime
455 2034 546 2097 rebus
567 2042 723 2112 versetur,
755 2037 880 2099 inuuere
909 2037 1062 2100 lliodorus
1084 2035 1158 2100 mili
1178 2037 1301 2101 videtur

214 2143 247 2206 in
263 2142 312 2220 iis,
332 2142 543 2223 quaeillorum
555 2143 662 2207 ducum
677 2149 804 2207 mortem
816 2146 977 2226 excipiunt,
999 2143 1185 2219 Graecorum
1206 2146 1299 2208 rebus

214 2237 412 2322 enarrandis,
420 2267 458 2312 ea
474 2267 591 2331 qnoque
609 2267 643 2310 se
656 2267 741 2313 snum
756 2251 788 2313 iu
798 2271 881 2314 usum
894 2247 1091 2333 convertisse,
1115 2265 1191 2336 quae
1204 2255 1300 2318 Duris

213 2359 247 2421 iu
258 2350 461 2417 Μακεδονικά
470 2359 645 2422 necessario
658 2359 852 2423 immiscuerit
860 2352 1031 2438 Ἑλληνικά.
1047 2362 1146 2444 Atque
1160 2365 1300 2443 profecto

213 2463 305 2528 facilc
327 2463 426 2544 promit
446 2464 538 2542 lieri,
559 2471 593 2528 ut
613 2483 714 2529 rerum
737 2468 903 2548 scriptores
924 2485 975 2528 res
996 2488 1101 2532 omnes
1122 2489 1142 2533 a
1166 2469 1302 2556 Philippi

213 2579 349 2654 tenpore
370 2588 465 2651 usque
487 2571 526 2635 ad
559 2587 694 2653 pugnam
717 2572 972 2654 Corypedieusem
994 2585 1119 2659 gestas,
1151 2595 1241 2658 quum
1266 2578 1302 2641 iu

205 2668 251 2744 'iis
271 2679 435 2761 praecipue
455 2679 657 2762 Macedonum
676 2681 806 2744 fuissem
821 2684 942 2760 partes,
966 2683 1229 2766 Macedonicarum
1243 2704 1301 2747 uo-

214 2787 296 2852 mina
314 2787 532 2869 significarent.
575 2790 641 2863 Quo
661 2783 787 2864 accedit,
809 2794 841 2847 ut
857 2787 964 2850 [luridi
987 2791 1014 2852 si
1034 2790 1181 2853 uoluisset
1203 2796 1300 2853 tntum

212 2895 408 2965 liswriartnn
431 2915 506 2978 opus
521 2890 726 2958 Μακεδονικά
745 2894 863 2958 nomine
877 2896 1043 2977 complecti,
1065 2915 1127 2958 uon
1138 2889 1298 2976 Ἑλληνικοί

214 3000 322 3062 titulus
342 3002 443 3080 solus,
474 3003 527 3065 sed
560 3020 625 3062 cnm
648 2999 817 3062 Alexandri
838 3000 994 3064 iuJAsiam
1024 3004 1246 3084 expeditionem
1261 3009 1299 3065 ct

212 3123 297 3190 quac
312 3127 348 3172 ce
359 3111 478 3175 mortno
493 3127 549 3190 per
566 3107 738 3184 Graeciam,
751 3107 970 3189 Macedoniam,
993 3110 1167 3192 Thraciam,
1182 3111 1298 3188 Asiam,

210 3215 382 3304 Aegyptum
404 3215 590 3300 flagrabant,
615 3215 698 3279 bella
718 3214 912 3292 describeret,
936 3216 1032 3283 etiam·
1047 3215 1200 3302 Συριακά,
1231 3218 1313 3281 Δι’-ι

209 3317 382 3406 pontenani,
404 3319 566 3408 Θρᾳκικά,
589 3323 674 3388 tituli
691 3320 984 3391 fuissout'addeudi.
