2864 4942
672 385 714 403 ..
768 348 829 448 pq¹
864 382 911 400 ..

252 546 317 610 eius
339 544 457 609 iaciant
486 543 687 621 mentionem,
715 561 903 626 magnopere
930 542 1060 620 dubito,
1096 560 1168 608 num
1198 561 1335 627 unquam

251 652 330 734 apud
358 652 496 715 Graecos
519 653 627 730 iuuerit,
658 650 712 714 sed
732 653 833 714 fictam
855 669 922 716 eam
943 651 1065 714 omnino
1089 669 1110 714 a
1129 651 1247 714 Doride
1265 669 1336 716 esse

250 779 288 822 eo
310 761 411 841 magis
444 761 581 822 adducor
612 765 646 823 ιιι
675 759 814 838 credam,
852 760 933 842 quod
966 776 1119 840 nunquam
1146 767 1335 824 memoratur

250 868 304 931 ille
327 868 526 931 Macedonum
546 887 612 933 mos
632 867 753 948 legibus
775 867 927 946 sancitus,
948 867 1054 949 quint
1075 883 1228 950 uunquam
1252 868 1334 949 apud

250 975 416 1057 scriptores
438 982 627 1058 tangeretur,
647 975 702 1039 vix
714 976 812 1056 potuit
832 977 908 1038 ieri.
951 976 1039 1039 Alios
1057 975 1181 1038 llaridis
1200 991 1334 1052 errores,

250 1085 359 1166 quibus
386 1104 442 1148 nee
465 1085 519 1148 alii
541 1085 708 1166 scriptores
729 1089 861 1159 vacant,
891 1085 999 1161 uitto;
1021 1099 1204 1166 quamquam
1223 1082 1335 1145 iorum

250 1193 281 1270 ir,
302 1193 351 1275 qni
379 1194 482 1274 aliqua
505 1191 634 1255 nominis
663 1193 746 1254 tama
766 1191 995 1268 inclaruerunt,
1023 1209 1084 1254 non
1106 1207 1146 1253 ex
1167 1190 1335 1266 erroribus,

248 1298 304 1360 sed
332 1315 373 1361 ex
399 1299 562 1364 virtutibus
591 1296 668 1360 uitia
696 1297 910 1378 superantibus
936 1315 1024 1360 suam
1051 1298 1178 1379 qnisqrre
1199 1296 1335 1378 gloriam

250 1402 419 1484 repetiisse
434 1402 559 1482 putandi
581 1408 661 1464 sunta
1112 1385 1116 1393 ’

314 1512 493 1593 -l'ostquam
518 1508 789 1593 singulaaliqnot
808 1509 940 1572 'Doridis
972 1511 1147 1594 fragmenta
1174 1512 1214 1574 ad
1243 1510 1336 1576 fldem

249 1618 314 1680 eius
337 1619 543 1701 indagandam
565 1620 596 1681 in
618 1635 739 1680 censum
763 1619 947 1695 vocavimus,
970 1619 1010 1682 ad
1031 1626 1125 1682 totam
1146 1618 1212 1680 cius
1232 1618 1334 1682 bisto-

247 1725 363 1786 riarnm
383 1724 611 1788 scribendarum
633 1725 793 1803 rationem,
815 1723 926 1806 quippe
945 1742 1025 1806 quae
1045 1745 1106 1788 non
1127 1726 1275 1790 minorem
1294 1726 1336 1791 ed

247 1832 336 1894 utem
356 1832 420 1894 eius
440 1831 664 1898 diiudicandum
685 1831 798 1896 lrabeat
818 1831 896 1910 vim,
925 1839 1126 1897 transcamus.
1169 1833 1229 1910 Qui
1248 1834 1336 1898 locus

248 1958 315 2001 oum
328 1941 391 2003 aliu
402 1939 590 2021 quaestione,
604 1939 643 2001 de
657 1938 695 2000 iis
705 1957 782 2021 quae
798 1939 924 2004 scholae
930 1941 1205 2022 Peripateticorum
1219 1942 1337 2004 fuerint

226 2044 382 2134 propria,
401 2049 463 2106 tam
480 2051 565 2106 arcte
584 2061 682 2108 nexus
701 2047 921 2128 copulataeque
944 2051 1010 2124 est,
1036 2051 1070 2108 ut
1093 2047 1134 2110 ab
1155 2066 1193 2110 ea
1213 2047 1336 2131 &iungi

246 2158 386 2233 nequeat.
429 2151 474 2214 lle
494 2153 765 2234 Peripateticorum
789 2161 890 2218 autern
921 2154 1045 2236 ingenio
1075 2161 1106 2217 et
1135 2154 1240 2218 indole
1259 2157 1336 2222 ube

245 2257 311 2322 rius
332 2258 505 2340 expositum
525 2267 574 2322 est
594 2261 625 2324 in
647 2262 772 2325 huaacii
794 2262 873 2326 libro
893 2264 933 2325 de
952 2261 1085 2344 deyopee'q
1097 2262 1238 2326 Socratis
1249 2265 1335 2328 scri-

245 2371 299 2449 pto
322 2373 353 2429 et
374 2367 406 2430 in
428 2369 536 2444 lleynii
557 2367 595 2430 dc
624 2369 722 2432 Genio
744 2365 867 2434 saeculi
887 2369 1129 2436 Ptolomaeorum
1149 2378 1334 2436 comnreuta-

247 2475 339 2540 tioue.
381 2475 633 2548 Primumnutem
654 2477 831 2541 offendimus
851 2478 1009 2558 propriam
1023 2479 1153 2542 scholae
1175 2481 1332 2562 peripate-

244 2581 324 2645 ticae
344 2579 567 2660 aotoooropa'oo
589 2583 656 2644 sive
676 2579 906 2658 πολυμάθειαν.
950 2582 1125 2648 Aristotelis
1142 2592 1254 2664 autem,
1274 2587 1333 2648 Pa.

243 2687 471 2768 ripateticorum
486 2688 642 2770 principis,
662 2688 714 2770 qui
734 2689 837 2752 divino
858 2707 913 2751 suo
935 2687 1061 2772 ingenie
1082 2697 1176 2754 totum
1196 2694 1330 2758 omnium

244 2797 473 2879 disciplinarum
502 2799 607 2860 orbem
637 2797 915 2879 complectebatur,
946 2800 1117 2880 exemplum
1142 2801 1237 2864 semoti
1258 2810 1331 2864 sunt

243 2905 391 2986 discipuli,
412 2908 496 2985 mala
515 2887 589 2980 sane
603 2908 649 2969 usi
672 2909 806 2977 fortuna.
827 2925 892 2970 cum
913 2909 999 2970 cuius
1020 2906 1254 2970 aemulabantur·
1273 2927 1329 2972 va-

240 3013 383 3078 rietatem
401 3014 578 3094 doctrinae,
599 3035 664 3078 eum
686 3035 747 3080 non
768 3017 839 3079 item
864 3015 979 3097 ingenii
1002 3014 1118 3075 viribus
1148 3025 1326 3096 aequarent

239 3123 346 3203 ltaque
360 3122 468 3206 siquis
482 3123 595 3188 eximio
613 3125 660 3187 ad
672 3143 763 3188 unam
775 3126 952 3188 alteramve
972 3121 1163 3203 disciplinam
1182 3125 1326 3188 excoler-

241 3227 312 3291 dam
331 3227 457 3310 ingenio
480 3233 612 3311 valebat,
634 3232 750 3295 viribus
770 3227 971 3313 πολυμαθείᾳ
990 3228 1119 3294 divulsis
1138 3227 1326 3313 obtusisque,

239 3332 353 3398 ιιίιιιι
365 3341 523 3426 contentus
540 3337 758 3418 mediocritate,
778 3338 818 3402 ad
833 3337 1058 3404 memorabilem
1070 3337 1221 3419 quandam
1232 3353 1325 3419 prae·

242 3440 386 3504 smntiam
406 3459 468 3505 nou
492 3443 672 3507 assurrexit.
714 3445 808 3508 Nemo
835 3451 935 3507 autem
956 3441 1248 3523 Peripateticorum,
1271 3447 1323 3528 qui

238 3546 358 3627 quidem
377 3550 511 3631 aliquam
530 3551 658 3616 nominis
677 3553 723 3615 sui
743 3554 856 3616 lamam
882 3549 923 3614 sit
944 3556 1139 3631 consecutus,
1158 3553 1322 3634 repertum,

237 3655 310 3737 quin
331 3655 363 3719 in
386 3659 467 3723 omui
489 3656 660 3722 litterarum
681 3679 813 3742 genere,
835 3659 1047 3741 philosophia,
1066 3658 1228 3737 historia,
1245 3677 1322 3742 geo·

236 3763 380 3846 graphia,
403 3769 620 3848 grammatica,
638 3770 729 3832 rebus
751 3768 972 3832 mathematicis
993 3766 1244 3849 naturalibusque
1261 3786 1320 3848 pa-

118 3939 120 3946 ,
234 3887 300 3935 rem
327 3872 384 3936 sibi
413 3875 545 3952 voluerit
566 3895 744 3958 comparare
765 3876 906 3960 gloriam.
949 3879 1017 3952 Qua
1038 3876 1195 3941 vadatum
1217 3889 1321 3942 terum

234 3976 419 4061 cognitionis
444 3981 638 4046 affectatione
666 3983 801 4046 videmus
832 3985 923 4048 etiam
951 3982 1112 4046 historiam
1143 3988 1320 4063 correptam

232 4089 324 4169 atque
355 4085 573 4167 deformatam
601 4108 661 4154 non
690 4091 771 4154 enim
799 4091 864 4158 eius
893 4092 1004 4156 aetatis
1028 4109 1130 4154 rerrun
1149 4091 1318 4173 scriptores

233 4192 264 4258 id
292 4197 444 4280 agebant,
472 4206 505 4262 ut
526 4201 652 4264 resectis
671 4201 764 4268 rebus
794 4201 905 4266 alienis
934 4221 973 4268 ea
995 4207 1111 4266 tantum
1131 4201 1318 4281 praeberent
