2864 4942
489 293 634 422 ..¹29
685 387 732 404 .-

69 547 180 610 ltcntur
199 543 254 604 aci
275 535 311 612 tit
334 541 449 620 verbm
484 536 539 602 zat
558 531 638 624 ὅσας
665 541 758 608 habet
778 541 844 605 cod.
866 542 964 624 ungu.
987 563 1024 620 a,
1047 538 1101 604 coi
1121 541 1156 614 ὃς
1274 557 1277 568 ’

69 659 253 736 expunctum
276 651 341 714 cod.
363 651 523 729 lliccard.,
552 651 622 714 aliis
642 651 797 714 codicibus
824 649 916 731 plane
933 651 1157 730 omittentitns:

69 764 149 824 conl.
173 761 221 824 cd.
235 757 399 834 Schubart.
441 755 593 822 licltlsero·
607 764 708 820 antem
730 755 839 818 inani
857 745 891 826 i'c
915 749 1027 840 pugilis
1047 777 1156 822 nomen

67 870 167 932 latero
186 867 352 947 suspicanti
374 867 578 932 Sclulartius
593 862 778 940 'adsentitur
812 865 902 948 idque
924 865 1037 938 Σκαῖος
1061 869 1157 930 fuisso

68 977 121 1040 vix
143 976 174 1038 ei
195 974 316 1038 videtur
337 974 460 1038 dubium
483 963 674 1056 ,mutemque
695 972 825 1042 Scacum
855 973 1022 1054 significari
1053 981 1157 1036 censet

68 1104 104 1146 ac
131 1085 266 1166 pugilem
300 1084 385 1146 illum
419 1083 459 1146 alt
480 1083 636 1154 Herodoto
659 1083 697 1145 V.
719 1086 762 1143 60
777 1085 1073 1159 commemoratum,
1094 1101 1156 1144 non

67 1191 285 1273 Hippocoontis
309 1190 429 1272 quidem
448 1191 542 1276 lilium
565 1190 618 1252 scd
642 1208 728 1264 eum,
756 1209 776 1250 a
797 1189 974 1269 quo‘tripns
994 1188 1047 1250 illc
1068 1190 1157 1253 dedi-

67 1305 155 1362 catns
176 1296 280 1362 fnent..
321 1287 379 1372 out
401 1295 481 1377 apud
504 1297 688 1360 Pausaniam
709 1293 998 1375 intelligentuszeet
1019 1294 1105 1376 pugil
1115 1292 1156 1358 feo

67 1416 205 1488 tompore
226 1405 324 1483 vixit,
355 1421 413 1485 quo
436 1403 533 1468 Samii
554 1410 643 1473 etex
665 1401 766 1465 insola
789 1401 876 1470 eiecti
897 1407 928 1463 ct
956 1401 994 1463 ln
1008 1402 1156 1486 pristinas

66 1513 157 1574 sedes
178 1512 310 1575 restituti
333 1518 412 1580 suut·
455 1511 549 1594 Atqui
571 1513 638 1574 cum
658 1517 730 1574 ante
751 1508 960 1592 olympiadem
982 1507 1156 1591 quadrage-

65 1621 174 1684 simam
195 1620 322 1701 primam
345 1623 423 1681 tcstc
443 1617 597 1680 Pausania
611 1617 648 1680 V.
671 1621 702 1680 8.
724 1621 755 1679 3.
778 1613 1155 1695 (Kraus.·p.1'61.)nnlli

65 1746 229 1807 puerorum
258 1725 416 1807 pugilatus
444 1725 575 1788 instituti
595 1725 673 1802 sint,
692 1723 826 1805 *qnando
854 1722 1034 1804 etqnntics
1054 1741 1096 1786 ex
1117 1741 1156 1785 co

64 1835 137 1899 iude
158 1841 296 1916 tempore
316 1832 412 1896 Samii
434 1851 473 1896 ex
492 1833 592 1896 insula
608 1833 708 1914 fugati
730 1831 813 1896 etin
835 1829 983 1910 pristinas
1000 1830 1092 1892 sodes
1104 1849 1155 1892 rc-
1278 1823 1280 1830 ’

64 1943 167 2006 stituti
184 1943 255 2022 sint,
274 1941 572 2022 circumspiciendum
596 1948 652 2031 est.
686 1943 786 2017 Quae·
802 1945 905 2002 antam
925 1939 1018 2001 fuerit
1036 1939 1076 2000 ab
1097 1939 1152 2002 illo

64 2051 138 2114 inde
157 2057 294 2130 tempore
316 2048 488 2112 Sannorum
522 2049 658 2110 conditio
691 2066 758 2111 cum
788 2047 870 2109 satis
889 2041 979 2127 plene
1000 2046 1092 2111 licoat
1112 2067 1154 2112 ex

64 2159 201 2240 antiquus
223 2155 423 2227 monumentis
442 2157 581 2236 discere,
615 2156 691 2219 duas
714 2161 832 2219 tantum
858 2153 954 2218 fnisse
974 2145 1151 2236 fugas'mm

63 2265 178 2330 fiducia
197 2265 302 2348 aliqua
319 2263 534 2340 affirmaveris,
555 2263 686 2325 alterumn
700 2261 867 2340 Sylosontc
891 2270 1052 2344 regnante,
1074 2265 1153 2326 altc-

63 2392 134 2438 ram
154 2353 238 2436 circa
261 2373 375 2434 annum
392 2368 725 2451 quadringentesimum
739 2369 1007 2450 ,quadragesimum
1029 2385 1151 2435 nonum.

63 2484 201 2558 Quarum
222 2497 269 2557 ca,
293 2495 373 2559 qnae
391 2475 558 2552 Sylosontc
577 2473 664 2537 Sami
685 2482 837 2555 regnante
858 2475 926 2555 luit,
948 2495 1009 2540 non
1033 2479 1156 2542 videtur

62 2587 222 2650 intellecta
244 2603 265 2648 a
283 2583 459 2661 Pausania,
488 2601 554 2646 cum
575 2575 690 2660 ἐρημία
711 2577 836 2657 ciodptdo
856 2586 958 2664 potius
980 2586 1062 2648 lello
1087 2605 1154 2654 cnm

63 2694 169 2758 Parsis
191 2697 280 2774 gesto
302 2691 407 2754 effecta
426 2705 524 2770 quom,
536 2687 613 2767 lugo
633 2686 680 2748 sit.
695 2686 824 2750 dicenda
845 2694 876 2750 et
894 2689 937 2753 ita
958 2691 1099 2772 quidem,
1120 2699 1156 2754 ut

62 2800 165 2866 Samii
185 2803 256 2880 post
277 2796 308 2860 in
330 2795 475 2878 pristinos
496 2793 586 2856 sedes
608 2810 676 2859 ossa
695 2793 830 2858 restituti
853 2815 914 2859 non
937 2798 1055 2879 possint
1076 2777 1169 2862 dicic'

63 2913 108 2972 cf.
132 2905 304 2970 Panolkam
325 2923 355 2986 p.
373 2905 423 2976 td.
465 2903 511 2986 lle
532 2903 633 2986 altera
653 2911 756 2968 antem
774 2905 851 2986 tngo
870 2904 954 2969 infra
974 2912 1153 2988 exponetur.

64 2991 229 3080 lam‘vero
252 3029 305 3076 cur
326 3009 511 3076 sotularem
524 3011 580 3074 nix
598 3011 725 3074 dutinun
743 3012 835 3074 sitin
856 3009 911 3072 aad
924 3001 959 3083 ὃς
985 3013 1084 3095 ipsum
1099 3032 1155 3079 uo.

65 3143 138 3191 men
160 3120 275 3203 pugilis
297 3119 405 3198 latere,
426 3137 489 3182 non
508 3119 608 3182 video.
658 3119 869 3196 Quidnicnim
902 3121 986 3184 ottud
1010 3123 1153 3203 qmddom

64 3235 167 3296 latens
190 3227 371 3310 opinemutt
410 3227 518 3288 Nonne
545 3227 659 3310 pugilis
689 3245 800 3299 uomcn
823 3226 962 3308 Δοῦρις,
999 3231 1094 3311 qnod»
1115 3232 1163 3295 alo·

65 3337 192 3422 optimis
221 3332 375 3418 codicibus
397 3331 562 3413 praelietur
583 3339 623 3396 ct¹
650 3335 840 3399 nominativo
863 3336 982 3418 quidum
1003 3357 1077 3401 casu
1097 3340 1163 3401 ad:

67 3447 143 3508 cstl
186 3445 295 3524 ltaque
307 3439 443 3520 Bekkcri
464 3439 639 3504 coniectura
659 3460 720 3504 non
739 3443 801 3506 iam
820 3441 958 3523 cogimur
980 3439 1156 3528 eido-qno

66 3551 197 3634 agitur,
230 3547 338 3620 Doridi
371 3546 454 3628 apud
485 3546 667 3618 Pausaniam
695 3551 805 3612 locum·
820 3547 985 3630 denegare.
1036 3551 1157 3618 unnim

66 3659 154 3722 illins
175 3656 379 3726 coniecturam
399 3653 574 3719 coniectum
587 3653 660 3718 licet
679 3656 855 3736 repellcr03
877 3673 940 3718 non
962 3655 1040 3720 enim
1061 3659 1159 3742 longe
1181 3667 1182 3672 ’

68 3762 159 3828 nobis
181 3761 318 3846 videmur
345 3779 364 3824 a
397 3760 533 3825 codicum
563 3759 704 3842 vestigiis
729 3761 891 3844 recedere,
912 3764 942 3826 si
962 3780 1021 3846 pro
1041 3771 1158 3846 σκαῑος,

67 3870 153 3954 quod
173 3869 332 3935 nokkerus
352 3869 481 3934 coniccit
500 3867 715 3948 conitendum,
748 3872 844 3952 σκαιῇ
855 3917 865 3950 ,
900 3871 993 3936 sctiii
1013 3873 1157 3954 iubemus,

67 3996 161 4063 quum
182 3975 258 4044 nihil
278 3978 319 4042 sit
341 3979 513 4044 Pausanias
540 3977 707 4055 naitanus,
744 3996 835 4059 quon
865 3981 1002 4046 inaniter
1021 3984 1157 4046 locorum

67 4087 221 4152 unionem
241 4085 425 4168 significare,
445 4102 543 4168 nequo
560 4105 581 4150 a
601 4085 789 4166 pecualitate
802 4087 946 4152 Bellero
966 4090 1089 4170 longios
1103 4105 1154 4151 rc-

68 4195 165 4277 cedis,
185 4194 214 4262 si
230 4213 288 4282 ppo
311 4211 398 4266 καιος
418 4192 527 4260 senilis
548 4211 641 4274 nota,
664 4210 753 4276 quum
774 4215 796 4256 π
814 4200 845 4258 et
864 4215 882 4256 a
900 4183 1077 4279 saepissime
1096 4197 1158 4262 sint
