2864 4942
656 355 898 424 ..28-

236 543 351 608 libroe'
367 559 474 624 parum
510 543 624 626 legion
652 562 690 609 ae
722 543 904 627 cognovisse
936 544 1090 626 putandus
1123 549 1185 621 eat3
1215 547 1323 610 deinde

238 651 334 734 probe
354 650 664 728 animadvertendum,
686 652 718 714 id
738 652 819 734 qood
834 652 945 714 cursim
968 650 1033 731 ipae
1053 649 1211 732 scriberet,
1232 653 1323 718 cine.

241 777 347 824 ronern
368 777 430 822 non
450 757 563 840 publici
594 757 670 822 iuria
692 761 783 837 inre,
817 757 871 848 aad
893 758 1004 820 ieetum
1025 757 1064 819 iri
1080 758 1121 821 ab
1140 777 1200 822 nuo
1223 759 1324 824 Attico

238 866 336 930 amieo
355 873 488 947 putansa.
530 867 629 932 Muto
653 867 749 950 igitur
776 867 876 930 minor
903 870 950 928 eat
971 863 1129 928 Ciceronis
1156 869 1324 932 auotoritas

239 993 330 1058 quam
359 973 535 1052 Plutarchi,
566 975 619 1057 qui
645 980 796 1038 totumne
827 973 975 1037 historiae
1004 972 1115 1036 studiis
1144 975 1269 1038 dederit
1293 983 1324 1037 et

238 1085 327 1168 quasi
351 1084 455 1159 dedita
476 1083 573 1164 opera
592 1083 631 1144 de
650 1081 764 1146 Duride
784 1082 879 1146 iaciat
907 1075 1060 1145 iudicium.
1103 1082 1208 1156 Quidt
1238 1085 1321 1167 quod

238 1192 322 1281 abbud
343 1191 486 1275 quiddam
507 1209 526 1252 e
545 1189 701 1256 ciceronis
722 1189 832 1268 verbis:
853 1189 919 1252 erui
939 1207 1031 1270 posse
1052 1187 1195 1252 vitetnrt
1237 1191 1324 1267 Quod

238 1299 318 1362 enim
338 1298 415 1363 dieit
437 1297 554 1377 cicero,
576 1298 706 1376 „iooiron
728 1297 819 1360 liuns
837 1295 1031 1377 irrideatur‘,
1051 1303 1191 1377 potestne
1214 1299 1258 1362 ita
1273 1318 1325 1362 ao-

236 1405 306 1487 οἱοί,
326 1406 425 1489 atqui
445 1412 572 1488 propter
594 1405 719 1470 nimiam
739 1411 771 1467 et
790 1421 927 1468 errorum
950 1411 982 1467 et
1001 1411 1235 1469 commentorum
1247 1407 1325 1470 mui-

236 1512 396 1578 titudinem
415 1513 447 1577 in
467 1513 652 1597 antiquitate
669 1512 775 1576 irrisui
787 1513 898 1592 'buerit
919 1531 986 1577 eum
1000 1513 1107 1578 Cicero
1134 1515 1325 1578 mntenderit

236 1627 363 1704 propter
386 1639 539 1701 amorem,
567 1633 626 1704 qno
661 1621 822 1685 historiam
858 1628 939 1686 esset
960 1623 1141 1704 ampiexus.
1172 1639 1235 1684 oon
1258 1641 1325 1686 enm

236 1747 320 1808 esse,
350 1739 438 1810 quem
456 1730 565 1794 merito
585 1729 774 1810 irriderent?
797 1731 880 1792 thnt·
900 1737 959 1805 eet,
980 1729 1087 1794 mirum
1106 1748 1184 1812 aane
1203 1735 1251 1792 est
1272 1731 1325 1794 ir-

237 1837 441 1902 rideatur
461 1837 625 1903 veebum..

318 2048 469 2114 notun
488 2047 549 2112 iam
572 2049 613 2112 de
636 2051 698 2114 fide
715 2051 839 2118 Doridis
861 2053 1046 2136 quaestione,
1069 2053 1156 2116 loeas
1177 2039 1325 2135 qnondam

236 2159 393 2225 advitam
416 2157 481 2220 eine
501 2160 632 2224 maxime
653 2161 862 2242 pertinentes,
895 2161 946 2243 qui
973 2179 1034 2224 non
1061 2163 1137 2223 satis
1166 2167 1248 2222 rente
1269 2162 1320 2222 vel

237 2265 328 2348 piene
352 2268 427 2335 mibi
447 2266 610 2332 videantur
630 2267 670 2330 ab
693 2261 895 2331 idaliemanno
916 2283 984 2328 esse
998 2265 1165 2346 enucleati,
1189 2283 1320 2329 aoaura-

239 2376 301 2440 tiuo
320 2377 425 2458 putari
446 2374 687 2457 pertractandos·

317 2484 475 2566 Aquibus
496 2483 666 2548 Pausaniae
693 2481 798 2545 verbis
818 2481 869 2544 Vl.
895 2485 945 2544 ta.
977 2481 1108 2544 maxime
1138 2481 1170 2543 io
1192 2481 1322 2544 linridis
1422 2523 1423 2532 ο

120 2585 123 2594 ’
236 2591 303 2655 vita
323 2589 514 2673 exploranda
535 2596 581 2652 est
603 2587 871 2670 proficiscendum,
905 2605 943 2649 ea
971 2589 1011 2651 ab
1033 2588 1253 2670 antiquioribus
1274 2589 1323 2650 in-

238 2697 424 2780 terpretibus
444 2699 489 2761 ita
508 2704 579 2760 eunt
610 2695 787 2777 explicata,
822 2701 856 2757 nt
877 2695 969 2758 Doris
989 2703 1096 2760 noster
1116 2713 1177 2758 non
1197 2695 1260 2758 iam
1283 2696 1324 2756 sit

236 2804 472 2887 intelligendos,
493 2801 568 2885 quin
584 2801 829 2866 aretentieeimo
848 2801 1020 2868 Pausaniae
1047 2805 1166 2868 editore
1186 2804 1231 2866 ita
1251 2809 1323 2864 sunt

236 2919 370 2989 mutata,
390 2920 422 2974 ut
443 2929 553 2984 nomen
573 2913 638 2976 fere
659 2911 760 2993 ipsum
781 2911 939 2976 exciderit.
979 2913 1066 2989 Quod
1098 2913 1220 2975 illorum
1243 2912 1322 2973 Pau-

238 3020 346 3084 saniae
371 3020 571 3100 interpretum
603 3037 642 3082 ae
670 3020 794 3083 Kransii
821 3020 979 3102 (olympia
1009 3021 1085 3082 oder
1120 3021 1323 3098 Daratellung

240 3127 297 3192 der
317 3144 447 3208 grooten
468 3125 676 3206 olympiaebeu
696 3125 801 3209 Spiele
828 3130 889 3193 und
911 3128 967 3192 der
986 3127 1082 3191 damit
1105 3128 1322 3191 verbundeoen

235 3234 472 3299 Pestiicbkeiten
501 3251 530 3314 p.
553 3233 630 3311 2⁷6)
660 3234 810 3300 rationem
833 3235 1050 3298 nullernannus
1077 3254 1138 3298 non
1166 3235 1321 3310 refutavit,

237 3344 407 3436 inconsulto
439 3342 530 3418 ienit3
565 3341 761 3406 novissimam
797 3361 871 3408 vero
894 3345 1066 3409 Pausaniae
1098 3343 1259 3406 editionem
1281 3341 1321 3404 ab

239 3451 330 3515 fleur.
355 3450 431 3515 cnr,
448 3451 633 3516 Sububartio
656 3458 687 3513 et
707 3450 778 3515 Cbr.
801 3453 925 3516 Waiaio
956 3461 1094 3517 curatam
1115 3470 1176 3513 non
1198 3449 1321 3512 novisse

235 3558 365 3624 videtur.
417 3553 567 3632 Χιόνιδος
603 3559 639 3622 δὲ
665 3554 704 3619 oni
729 3556 841 3643 πόρ’ῥω
872 3558 928 3640 τῆς
961 3561 995 3620 e’v
1023 3556 1175 3644 Ὀλυμπίᾳ
1206 3551 1321 3636 στήλης

235 3665 361 3745 ἕστηκεν
386 3661 402 3726 ὅ
429 3667 548 3746 Δοῦρις
567 3661 702 3749 Σάμιος,
731 3666 892 3749 κρατήσας
919 3659 1025 3750 naiman
1047 3664 1185 3738 παῖδας·
1227 3664 1322 3742 τέχνη

237 3772 274 3836 δὲ
294 3766 312 3853 ἦ
333 3767 424 3832 εἰκών
443 3773 509 3836 ἔστι
528 3775 588 3850 μὲν
605 3771 750 3851 Ἱππίου,
783 3769 817 3836 τὸ
841 3771 876 3834 δὲ
897 3768 1081 3854 ἐπίγραμμα
1101 3772 1197 3852 δηλοῖ
1214 3766 1249 3832 τὸ
1274 3765 1321 3829 ἐπ’

237 3875 325 3964 αὐτῷ
352 3882 477 3961 νικῆσαι
495 3879 607 3946 Χίονιν
627 3878 722 3964 ἡνίκα
748 3878 772 3940 o‘
795 3883 925 3959 Σαμιλοον
948 3882 1046 3962 δῆμος
1060 3876 1191 3964 ἔφευγεν
1212 3877 1247 3941 ἐκ
1266 3878 1322 3958 τῆς

237 3987 353 4067 νήσου·
376 3984 429 4049 τὸν
451 3989 486 4050 δὲ
508 3984 627 4073 καιρὸν,
649 3993 722 4051 καθ’
746 3987 782 4051 iv
801 3989 855 4053 ἐπί
876 3984 915 4054 aci
938 3989 1037 4052 οἰκεία
1058 3986 1111 4051 τὸν
1133 3988 1250 4068 δῆμον·

239 4094 325 4178 παρὰ
352 4093 463 4160 diade
482 4096 632 4178 τύραννον
652 4101 791 4173 Δίαλλος
811 4097 827 4160 o‘
850 4098 1012 4170 Πόλλιδος
1034 4093 1193 4160 ἀνάκειται
1216 4115 1241 4154 a.
1252 4114 1278 4155 τ.
1293 4093 1321 4150 λ

240 4211 380 4284 Qnodod
401 4208 536 4274 codicum
558 4212 727 4293 scripturas
738 4212 857 4294 attinet,
877 4217 946 4294 post
965 4205 1081 4290 στήλης
1101 4209 1218 4271 inserta
1232 4219 1322 4284 qrae-
